2346 3912
1001 216 1419 268 ...28-

297 369 491 431 cipiunt
516 382 578 415 ac
606 381 775 430 paene
799 381 909 414 vox
930 378 1146 428 prorsus
1170 362 1285 413 fere
1309 360 1557 414 exulavit
1583 380 1656 414 ex
1684 361 1862 414 ethica
1881 362 2124 415 doctrina

302 460 635 514 KAN'ruNA?
707 460 782 513 At
828 462 1035 512 utinam
1086 461 1459 512 meminissent
1505 459 1813 528 philosophi
1852 463 1944 513 isti
1981 459 2124 515 Novi

299 559 670 624 Testamenti,
723 576 794 609 ex
850 575 951 623 quo
999 560 1079 609 uti
1128 557 1289 628 longe
1340 559 1602 625 plurima,
1653 578 1788 625 quae
1838 578 1956 612 cum
1995 577 2126 611 vera

298 658 625 710 concordant
651 656 848 722 ethica,
888 657 1190 709 didicerunt
1226 659 1370 723 iique
1409 673 1792 723 saepenumero
1830 660 2009 723 inscii,
2048 660 2127 710 ita

297 756 449 823 plura
487 758 648 806 etiam
690 755 896 807 discere
934 756 1268 820 potuissent,
1308 756 1355 804 si
1393 757 1628 807 animum
1669 775 1734 808 eo
1773 755 2124 823 appulissent.

298 851 523 903 Habitat
560 869 720 919 prope
759 852 957 905 Paulus
1000 855 1055 904 in
1095 870 1158 903 ea
1197 854 1494 917 sententia,
1544 861 1604 905 ut
1655 873 1687 905 a
1738 854 1859 924 lege
1907 861 1967 907 ut
2005 853 2126 925 lege

300 952 407 1001 vim
446 952 615 1016 ipsius
657 951 960 1017 implendae
999 967 1156 1017 posse
1191 952 1364 1014 repeti
1394 952 1692 1016 praefracte
1719 959 1896 1022 neget.
1972 952 2126 1005 Adeo

299 1047 395 1098 lex
447 1066 541 1113 per
589 1066 647 1099 se
687 1056 926 1115 spectata
967 1048 1264 1100 officiorum
1307 1049 1775 1113 exsequendorum
1813 1049 2128 1110 facultatem

300 1162 405 1197 non
445 1146 695 1213 praebet,
734 1154 792 1199 ut
830 1148 956 1198 data
994 1149 1066 1198 sit
1102 1146 1168 1197 ad
1208 1152 1430 1212 peccata
1465 1147 1710 1215 augenda
1748 1146 1926 1216 (Rom.
1958 1152 2009 1213 5,
2040 1152 2127 1200 20.

299 1242 422 1296 Gal.
462 1248 514 1310 3,
557 1244 686 1313 19.),
726 1243 856 1296 mali
892 1243 1217 1297 desiderium
1258 1245 1317 1295 in
1354 1243 1510 1296 nobis
1548 1243 1733 1297 eliciat
1766 1243 1944 1314 (Rom.
1973 1249 2026 1311 7,
2051 1248 2130 1311 8.)

299 1347 459 1407 atque
496 1344 642 1393 omni
680 1345 736 1395 vi
775 1345 846 1395 sit
894 1344 1179 1406 destituta,
1230 1360 1333 1408 qua
1380 1342 1448 1393 ad
1500 1342 1588 1393 dei
1639 1342 1975 1394 voluntatem
2024 1345 2126 1394 im-

300 1438 551 1506 plendam
606 1457 704 1491 nos
755 1440 1032 1492 corrobret
1082 1440 1259 1507 (Rom.
1301 1445 1361 1505 8,
1400 1444 1448 1492 3.
1500 1439 1620 1493 Gal.
1662 1444 1724 1506 3,
1764 1442 1894 1509 22.).
1971 1440 2129 1503 Quod

301 1544 418 1605 quis
457 1538 673 1590 tandem
714 1541 834 1604 erit,
875 1542 963 1605 qui
1001 1537 1207 1591 infitias
1246 1541 1326 1591 ire
1358 1538 1583 1590 audenti
1642 1537 1726 1589 An
1757 1557 1951 1590 revera
1982 1540 2129 1605 quis-

300 1654 457 1701 quam
496 1654 528 1687 a
568 1654 627 1687 se
666 1638 1008 1703 impetrabit,
1046 1644 1107 1690 ut
1143 1656 1215 1689 re-
1243 1640 1471 1690 interius
1509 1640 1841 1703 examinata,
1879 1636 2055 1706 legem
2083 1654 2126 1690 s.

297 1734 471 1785 ideam
512 1733 749 1800 aliquam
793 1738 830 1787 i.
872 1755 914 1788 e.
953 1754 1098 1802 rem,
1139 1754 1275 1803 quae
1314 1753 1476 1788 sensu
1514 1741 1696 1788 careat
1733 1754 1832 1788 nec
1867 1735 1992 1802 quid
2025 1737 2128 1802 ipsi

300 1834 354 1882 in
384 1849 501 1883 eam
530 1836 853 1896 sentiamuS‚
894 1838 1177 1902 percipiat,
1217 1837 1481 1901 „amore“
1521 1852 1675 1900 quem
1712 1833 1968 1901 amplecti
2005 1836 2128 1886 exi-

299 1929 515 1996 stimet?
578 1923 701 1982 Non
740 1932 899 1984 credo
938 1933 1202 1998 equidem.
1278 1931 1427 1983 Bene
1454 1931 1666 1984 scilicet
1694 1931 2128 2002 distinguendum

299 2027 452 2079 nobis
493 2035 575 2081 est
612 2031 754 2081 inter
793 2047 1030 2081 amorem
1073 2036 1127 2081 et
1163 2028 1523 2095 voluptatem,
1563 2049 1666 2096 qua
1703 2031 1829 2099 quid
1868 2033 2130 2082 sentimus

298 2145 358 2178 ac
385 2129 628 2194 cupimus
650 2146 911 2195 quamque
936 2130 1235 2195 posteriore
1260 2133 1501 2194 tempore
1518 2127 1944 2195 complacentiae
1968 2126 2130 2198 vulgo

296 2228 513 2278 nomine
553 2227 850 2296 designant.
925 2227 1112 2293 Neque
1144 2229 1286 2278 enim
1315 2244 1435 2277 eum
1463 2206 1692 2277 dicimus
1728 2243 1999 2289 amorem,
2039 2222 2131 2291 qui

297 2321 546 2376 Cartesio
595 2325 778 2393 (epist.
820 2324 1060 2377 XXXV
1102 2326 1248 2391 init.)
1299 2323 1491 2389 „nihil
1541 2323 1687 2375 aliud
1727 2322 1941 2375 videtur
1989 2339 2128 2388 esse,

295 2439 452 2486 quam
491 2423 630 2488 quod
669 2424 760 2475 ubi
794 2427 976 2476 anima
1016 2430 1201 2474 nostra
1237 2421 1437 2473 bonum
1483 2420 1702 2488 aliquod
1732 2423 1848 2473 sive
1874 2437 2131 2487 praesens

295 2520 409 2569 sive
447 2518 641 2571 absens
691 2523 949 2586 percipit,
1001 2521 1143 2585 quod
1196 2520 1299 2573 sibi
1349 2521 1676 2572 conveniens
1725 2536 1843 2571 esse
1894 2519 2129 2588 judicat,

294 2633 352 2666 se
391 2633 511 2667 cum
550 2616 649 2668 illa
689 2617 967 2670 voluntate
1007 2620 1321 2687 conjungit,
1379 2617 1480 2669 hoc
1531 2623 1644 2683 est,
1695 2634 1753 2669 se
1790 2619 1962 2684 ipsam
1997 2634 2129 2683 ,cum

299 2711 401 2764 hoc
449 2712 592 2765 bono
639 2715 946 2769 considerat
999 2717 1170 2770 veluti
1206 2714 1381 2769 totum'
1419 2715 1665 2783 aliquod,
1717 2718 1875 2785 cujus
1912 2712 2012 2767 illa
2049 2721 2132 2767 est

294 2829 417 2877 pars
456 2830 597 2878 una,
637 2815 753 2880 ipsa
791 2832 919 2866 vero
957 2833 1078 2881 pars
1114 2815 1361 2868 altera.“
1434 2813 1539 2866 Hic
1572 2831 1678 2866 non
1708 2820 1790 2867 est
1814 2816 1996 2880 amor,
2036 2812 2132 2866 sed

295 2911 440 2962 notio
487 2928 705 2976 prorsus
757 2912 970 2979 aliena,
1025 2916 1220 2981 quippe
1270 2911 1568 2980 voluptatis
1620 2916 1840 2980 seusus,
1899 2914 1990 2980 qui
2036 2929 2133 2979 per

295 3023 482 3059 omnes
510 3012 728 3061 omnino
754 3029 841 3063 res
865 3015 1028 3066 etiam
1055 3015 1411 3078 inanimataS,
1451 3013 1683 3064 excitari
1706 3013 1763 3063 in
1790 3010 1944 3063 nobis
1972 3008 2129 3062 solet.

296 3104 554 3158 Amorem
594 3107 820 3161 dicimus
859 3113 1037 3176 potius
1076 3130 1231 3179 eum,
1285 3113 1375 3178 qui
1427 3116 1544 3163 toto
1578 3108 1736 3162 Novo
1775 3108 2130 3162 Testamento

299 3203 437 3258 solet
486 3205 593 3258 dici
642 3225 691 3257 v.
732 3225 775 3259 c.
819 3215 842 3260 1
885 3209 1006 3262 Joh.
1048 3216 1110 3277 3,
1153 3215 1234 3263 16.
1284 3207 1310 3262 ὁ
1347 3206 1472 3270 θεὸς
1508 3204 1676 3277 ἀγάπη
1716 3205 1824 3260 ἐστὶ
1863 3214 1961 3260 etc.
2014 3207 2129 3273 qui·

298 3320 398 3367 que
436 3309 583 3356 omni
615 3311 706 3358 sui
740 3309 952 3360 ratione
992 3310 1268 3376 deposita,
1307 3307 1465 3360 alteri
1502 3307 1638 3359 bene
1677 3305 1925 3373 cupiendi
1968 3321 2131 3358 sensu

300 3403 603 3455 continetur
660 3423 757 3457 nec
804 3407 958 3473 ideo,
1011 3410 1136 3475 quia
1183 3409 1286 3474 ipsi
1324 3412 1419 3472 {est
1470 3411 1716 3475 gratum,
1766 3402 2034 3458 beneficia
2072 3405 2129 3454 in

300 3496 529 3551 alterum
568 3502 810 3555 conferre
849 3504 1055 3571 studet,
1095 3523 1282 3558 verum
1320 3503 1546 3559 alterius
1575 3504 1744 3559 solius
1770 3520 1950 3557 causa.
2022 3499 2129 3552 Ea-
