2346 3912
903 260 1322 314 -31-..

207 419 386 462 tomen
428 409 695 474 hucusque
733 407 1066 473 enucleavit,
1099 407 1242 460 unde
1279 406 1475 459 amoris
1513 404 1668 456 istius
1706 407 1813 456 vim
1845 422 1908 458 ac
1930 408 2024 474 jus

201 513 472 560 internum
511 507 695 574 quaeri
729 504 882 556 velit.
972 504 1115 566 Quid
1160 511 1338 557 autem
1390 503 1629 555 dicemus
1678 502 1743 554 de
1794 501 2022 556 hostium

198 622 412 669 artiore,
453 620 604 670 quem
644 603 811 667 siquis
845 605 922 654 ait
949 619 1022 653 ex
1050 600 1354 653 voluntario
1383 600 1606 667 quodam
1634 604 1688 651 et
1714 600 2021 651 immediato

201 708 424 753 naturae
461 717 620 753 sensu
659 697 954 764 proficisci3
997 699 1202 755 nescire
1244 707 1326 750 est
1351 696 1764 761 existimanduS‚
1805 697 1927 761 quid
1952 699 2021 747 sit

201 817 350 851 amor
382 801 573 865 quique
613 815 801 849 sensus
837 798 1037 848 rationi
1074 795 1156 846 illi
1186 800 1436 861 proxime
1471 798 1542 847 sit
1577 801 1982 847 consentaneus,

342 996 398 1059 3)
448 992 635 1044 Restat
673 994 835 1060 igitur
874 994 1169 1060 egoismuS,
1211 1008 1363 1057 quem
1403 990 1600 1043 dicunt.
1675 989 1815 1051 Quid
1858 995 2019 1057 enim,

199 1093 243 1142 si
283 1109 389 1141 non
438 1098 548 1165 tam
587 1108 659 1142 ex
709 1089 937 1142 aliorum
989 1107 1171 1140 amore
1221 1090 1420 1140 amoris
1469 1089 1626 1139 istius
1676 1091 1845 1140 mutui
1900 1090 2018 1140 fons

201 1196 282 1239 est
331 1187 717 1251 recludenduS,
776 1204 930 1252 quam
970 1206 998 1238 e
1039 1189 1206 1238 nostri
1262 1203 1444 1237 amore
1493 1187 1608 1236 sive
1658 1203 1687 1236 e
1722 1185 2017 1251 voluptate,

199 1302 354 1349 quam
394 1302 468 1336 ex
509 1282 603 1335 illo
642 1301 823 1336 amore
862 1283 1218 1350 percipimus}
1294 1280 1606 1347 Philosophi
1654 1289 1736 1333 est
1784 1290 1839 1335 et
1888 1301 2018 1335 vero

199 1358 361 1432 etiarn
398 1380 637 1446 theologi
673 1380 987 1443 rationaliS‚
1037 1387 1096 1432 ut
1138 1399 1202 1431 ne
1242 1397 1360 1431 eam
1400 1380 1614 1443 quidem
1651 1378 1869 1432 horreat
1906 1382 2019 1445 opi-

200 1481 444 1543 nionem,
484 1495 619 1545 quae
663 1475 868 1544 vulgari
919 1479 1246 1528 conscientia
1284 1479 1356 1531 ,sit
1393 1476 1644 1526 confossa
1683 1484 1737 1527 et
1776 1476 2018 1541 explosa.

203 1575 498 1641 Voluptate
537 1577 788 1626 nimirum
828 1574 1193 1638 perfundimur
1230 1576 1284 1623 in
1324 1575 1438 1637 ipsa
1476 1572 1692 1624 amandi
1731 1578 1785 1623 et
1812 1570 2020 1624 benefi-

201 1672 378 1723 ciendi
427 1673 634 1723 actione
685 1689 747 1722 ac
787 1673 1029 1722 maxima
1076 1672 1130 1722 in
1170 1688 1269 1722 nos
1318 1669 1525 1721 utilitas
1575 1671 1739 1720 etiam
1790 1675 2019 1721 externa

202 1768 326 1819 inde
350 1768 650 1819 redundare
680 1767 836 1820 solet.
914 1767 1020 1820 Sed
1061 1767 1289 1819 forsitan
1331 1773 1499 1818 totam
1531 1765 1666 1817 hanc
1699 1768 2019 1818 sententiam

200 1864 348 1916 illico
387 1864 659 1917 debellare
694 1866 798 1917 sibi
838 1866 1100 1931 quispiam
1137 1864 1385 1916 videatur
1422 1882 1503 1927 ec,
1540 1863 1677 1930 quod
1715 1880 1833 1914 esse
1860 1862 2020 1914 debe-

197 1962 294 2026 bit,
324 1962 659 2031 quamobrem
674 1962 917 2014 laetitiae
939 1963 1097 2014 istius
1121 1977 1283 2013 sensu
1308 1960 1618 2014 afficiamur.
1657 1958 2024 2029 Proficiscitur

199 2046 378 2110 autem
405 2058 614 2110 laetitia
637 2063 742 2112 ista
776 2059 843 2111 ab
866 2061 1098 2111 alterins
1129 2076 1329 2124 amore,
1372 2079 1527 2126 quem
1556 2059 1794 2111 nondum
1821 2040 2024 2110 *adesse

202 2156 443 2207 vi'demus
481 2163 536 2208 et
559 2159 825 2224 egoismus
864 2158 1083 2207 omnino
1122 2173 1154 2206 a
1189 2173 1246 2207 se
1274 2155 1508 2208 alienum
1541 2163 1710 2223 putat.
1786 2155 2026 2221 Apparet

201 2255 364 2322 igitur
394 2259 510 2306 tota
549 2252 682 2304 haec
712 2255 999 2318 sententia,
1039 2271 1173 2318 quae
1211 2254 1278 2304 ab
1319 2256 1556 2323 egoismo
1593 2271 1829 2306 amorem
1870 2252 2023 2306 illum

203 2350 377 2415 ducit,
431 2369 494 2402 eo
533 2351 732 2415 incidi,
785 2351 924 2416 quod
953 2355 1118 2419 ponit
1152 2354 1270 2419 jam
1319 2331 1555 2403 amorem
1597 2350 1860 2419 (laetitiae
1902 2351 2022 2403 fon·

158 2448 366 2513 .tem),
418 2466 572 2512 quem
626 2447 850 2498 fundare
902 2448 1115 2498 demum
1167 2446 1409 2498 debebat.
1487 2447 1846 2501 Verissimum
1885 2448 2058 2499 istud·

205 2545 448 2610 quidem,
502 2545 660 2594 modo
708 2562 775 2594 ne
814 2550 1043 2595 externa
1094 2542 1488 2613 emolumenta,
1541 2563 1676 2610 quae
1721 2562 1794 2596 ex
1833 2543 2023 2611 hujus-

201 2643 346 2695 modi
394 2659 574 2694 amore
623 2642 736 2692 fere
785 2639 1114 2705 redundent,
1166 2645 1420 2691 maneant
1455 2657 1518 2691 ac
1566 2643 1737 2693 nostri
1787 2642 2021 2706 ipsorum

204 2757 353 2790 amor
392 2738 732 2790 immediatus
770 2739 841 2789 sit
878 2754 1067 2789 sensus
1102 2738 1489 2805 agnoscendus·
1577 2738 1675 2789 Est
1725 2739 1891 2805 igitur
1938 2754 2025 2787 res

204 2838 422 2887 omnino
484 2833 645 2885 altius
717 2833 975 2898 petenda,
1021 2828 1207 2904 vquum
1282 2835 1595 2897 praesertim
1656 2836 2027 2885 recentissima

203 2939 380 2987 aetate
428 2932 627 2985 fuerint
676 2932 1008 2996 potissimum
1066 2931 1207 2984 inter
1256 2927 1500 2983 HEGELH
1549 2930 1872 2997 discipuloS‚
1938 2932 2027 2997 qui

205 3031 307 3082 deo
362 3036 422 3082 ut
467 3046 693 3093 persona
754 3030 967 3099 irriSO,
1010 3027 1303 3094 egoismum
1351 3028 1620 3094 tamquam
1673 3027 1848 3080 solum
1897 3027 2024 3080 reli-

202 3130 377 3202 gionis
413 3144 574 3178 verae
611 3127 928 3190 principium
966 3124 1418 3175 commendarent.
1503 3124 1614 3177 Nec
1663 3128 1766 3176 viri
1817 3131 2023 3176 cetero-

206 3227 334 3291 quin
380 3225 555 3278 severi
616 3240 678 3275 ac
745 3223 949 3273 strenui
997 3221 1219 3285 desunt,
1282 3224 1372 3287 qui
1426 3223 1648 3274 eandem
1702 3223 2024 3275 sententiam

208 3321 427 3373 vivendi
487 3322 805 3385 principium
870 3317 1076 3370 calculo
1141 3335 1243 3390 suo*
1298 3318 1661 3384 probaverint.
1765 3317 1846 3368 lta
1906 3322 2069 3382 post-

209 3415 557 3469 Aristotelem
611 3415 795 3483 (ethic.
839 3407 902 3467 Π.
943 3418 1108 3480 (3.4.)
1145 3414 1458 3468 Helvetium
1510 3400 1851 3487 (quamquam
1892 3413 2023 3466 fluc-

209 3516 476 3580 tuantem)
511 3513 931 3576 Zollicoferum,
983 3511 1279 3567 Sattlerum.
1313 3511 1500 3579 (ethic.
1537 3531 1800 3570 commun.
1839 3511 1932 3568 ΙΙΙ.
1973 3517 2023 3566 5.
