2346 3912
0 356 8 432 rae2—
0 317 3 341 w<
0 228 5 306 ...w-w<
0 195 5 214 „r
0 139 6 170 «a,

852 277 1269 330 —37—

151 422 424 475 felicitatis
463 424 665 475 fontem
695 428 750 474 et
774 440 1011 475 aniorem
1036 426 1239 488 ipsum,
1277 438 1432 492 quem
1459 420 1686 472 debebat
1721 420 1964 483 fundare,

151 527 380 573 evertat:
420 494 501 572 ne‘
524 521 573 571 is
610 518 819 585 quidem
862 520 1015 572 nobis
1053 520 1326 572 adeundus
1367 522 1487 572 erit.
1530 551 1591 558 —

749 699 1379 746 Conclusio.

293 814 414 878 Quo
452 818 615 885 igitur
654 815 813 867 modo
850 812 1100 866 tenebras
1148 816 1279 864 istas
1328 811 1710 878 dispellemussl
1783 812 1967 866 Densa

151 916 294 966 enim
318 913 548 982 caligine
574 909 948 964 circumvoluti
974 927 1172 974 sumUS,
1211 929 1368 976 quum
1403 910 1616 978 ubique,
1655 929 1967 978 quocunque

156 1029 254 1063 nos
283 1010 350 1062 ad
373 1028 608 1062 amorem
635 1008 789 1060 illum
816 1007 1142 1059 fundandum
1170 1012 1549 1074 convertimus,
1586 1011 1642 1060 in
1667 1027 1967 1078 repugnan-

153 1109 259 1158 tias
298 1107 666 1160 inciderimus,
740 1104 927 1172 Neque
966 1108 1021 1157 in
1060 1105 1179 1174 lege
1216 1109 1332 1172 ipsa
1372 1124 1470 1158 nec
1508 1109 1563 1158 in
1602 1106 1756 1158 nobis
1790 1111 1967 1159 necin

153 1204 280 1257 aliis
326 1208 524 1257 amoris
576 1207 732 1256 istius
783 1221 944 1255 causa
996 1209 1078 1254 est
1129 1205 1260 1254 sita:
1308 1221 1433 1272 ergo
1471 1222 1537 1254 ne
1576 1210 1798 1255 naturae
1836 1205 1966 1256 ordo

154 1306 276 1371 ejus
313 1305 483 1369 ipsius
516 1300 637 1370 lege
675 1299 1030 1360 dissolvatur;
1070 1305 1314 1369 cogimur
1349 1300 1425 1352 ad
1448 1302 1843 1370 agnoscendam
1868 1319 1966 1354 na-

154 1407 352 1464 turam,
386 1417 524 1469 quae
547 1400 663 1449 sola
687 1403 1110 1465 repugnantiam
1135 1404 1298 1449 istam
1325 1399 1520 1450 tollere
1546 1406 1744 1466 queat:
1775 1417 1841 1451 en
1867 1401 1975 1453 tibi

154 1496 319 1557 dem,-
365 1513 463 1547 nec
502 1496 663 1560 deuS,
718 1496 809 1560 qui
859 1494 989 1546 ordo
1027 1496 1100 1545 sit
1134 1494 1483 1546 Flcrrrunus
1522 1502 1614 1547 aut
1650 1498 1969 1563 principium

156 1593 469 1645 indifferens
510 1594 875 1647 SCHELLINGII
912 1598 1005 1644 aut
1042 1592 1161 1644 idea
1197 1591 1442 1643 HEGELII
1481 1594 1538 1642 in
1572 1599 1752 1646 mente
1790 1602 1972 1647 nostra

155 1697 362 1744 tantum
413 1708 675 1757 expressa
725 1692 866 1759 (quis
905 1693 1046 1741 enim
1095 1691 1296 1742 exinde
1336 1691 1583 1756 amor2),
1634 1691 1731 1742 sed
1769 1700 1971 1745 natura

155 1794 490 1842 conscientia
509 1787 793 1858 praedita,
832 1804 970 1856 quae
990 1793 1228 1858 priorem
1257 1790 1425 1851 illum,
1469 1806 1618 1857 quem
1647 1789 1722 1840 ad
1742 1806 1973 1841 amorem

155 1895 392 1939 nostrum
430 1885 783 1939 excitandum
822 1890 1210 1953 quaesivimus,
1251 1902 1482 1938 amorem
1519 1891 1579 1938 iu
1618 1902 1714 1936 uos
1742 1889 1974 1938 contulit

153 1985 380 2037 testibus
417 1993 471 2037 et
505 1984 658 2036 libris
697 1985 863 2034 sacris
904 1988 956 2050 (1
984 1982 1106 2034 Joh.
1143 1989 1196 2048 4,
1231 1983 1335 2048 19.)
1377 1990 1430 2035 et
1461 1985 1628 2034 animi
1652 1984 1972 2049 recessibuS,

157 2085 246 2148 qui
280 2081 559 2133 beneficiis
598 2099 655 2133 se
693 2082 847 2132 obrui
886 2080 1209 2145 quotidianis
1258 2086 1313 2131 et
1348 2080 1829 2133 innumerabilibus
1867 2101 1974 2134 non

157 2198 388 2245 unquam
429 2177 633 2230 infitias
672 2185 831 2243 eunt,
870 2178 925 2228 id
964 2183 1170 2230 tantum
1210 2180 1265 2228 in
1303 2177 1690 2247 dubitationem
1730 2178 1974 2230 adduxe-

156 2285 299 2342 runt,
338 2294 463 2328 num
489 2275 622 2328 haec
648 2275 914 2328 beneficia
950 2294 982 2326 a
1019 2281 1209 2327 natura
1243 2274 1354 2327 sibi
1388 2281 1605 2327 conscia
1644 2281 1760 2328 sive
1790 2295 1824 2328 a
1842 2294 1975 2345 per-

159 2377 320 2435 sona,
359 2374 654 2436 repetenda
684 2374 981 2425 videantur.
1067 2374 1205 2425 Sunt
1240 2378 1418 2424 autem
1457 2372 1587 2424 inde
1623 2392 1720 2424 nec
1758 2374 1976 2426 aliunde

159 2469 480 2535 repetenda,
534 2469 958 2535 quandoquidem
996 2467 1103 2536 legi
1142 2475 1397 2530 naturae,
1450 2471 1536 2518 cui
1584 2470 1976 2522 satisfaciamus

161 2584 378 2620 necesse
428 2573 538 2632 est,
590 2569 667 2617 ita
713 2566 924 2617 demum
970 2582 1248 2634 possumus
1297 2566 1638 2632 satisfacere,
1691 2575 1752 2619 ut
1803 2567 1977 2636 legem

162 2662 460 2715 naturalem
485 2664 724 2715 divinam
746 2663 1030 2714 reddamus
1057 2662 1231 2731 legem
1262 2665 1299 2714 i.
1329 2682 1372 2715 e.
1401 2665 1732 2716 voluntatem
1756 2672 1978 2717 naturae

163 2779 261 2812 nos
300 2763 530 2812 amantis
569 2767 623 2812 et
657 2760 1089 2816 reclamandae.
1163 2760 1283 2812 Isto
1321 2761 1421 2812 deo
1447 2777 1682 2812 amorem
1709 2760 1862 2812 illum
1886 2765 1979 2829 ju-
2031 2796 2034 2800 ‚

166 2857 355 2919 beate,
394 2864 447 2910 et
478 2860 571 2926 jus
610 2865 664 2910 et
701 2862 808 2911 vim
852 2860 1209 2910 nanciscimur
1246 2875 1371 2910 vere
1404 2859 1636 2910 amandi.
1711 2858 1978 2911 Nimirum

167 2972 396 3006 amemus
432 2937 651 3008 necesse
692 2963 800 3008 est:
839 2972 946 3007 non
977 2972 1257 3024 possumus
1296 2973 1474 3007 amare
1512 2958 1615 3008 nisi
1644 2955 1740 3008 dei
1764 2961 1978 3008 nomine

169 3061 222 3104 et
260 3060 469 3105 amore:
509 3073 633 3125 ergo
673 3063 755 3107 est
792 3056 938 3106 deuS.
980 3082 1049 3090 —-

306 3149 389 3201 Ita
437 3151 660 3203 reduces
710 3169 891 3205 sumus
942 3151 1071 3202 facti
1123 3152 1178 3200 in
1230 3152 1433 3218 gremio
1480 3152 1650 3216 ipsius
1701 3150 1981 3220 religionis

171 3247 528 3314 Christianae,
570 3268 704 3315 quae
731 3249 942 3300 habitat
967 3265 1123 3313 quum
1150 3249 1206 3298 in
1233 3264 1415 3298 amore
1445 3253 1557 3299 tum
1585 3251 1641 3299 in
1668 3248 1763 3300 dei
1783 3266 1980 3300 amore.

172 3343 252 3395 Ad
303 3364 459 3411 quam
508 3363 623 3397 rem
661 3346 1040 3398 stabiliendam
1082 3363 1241 3410 quum
1280 3343 1470 3396 nubem
1509 3343 1750 3398 locorum
1792 3346 1983 3399 liceret

174 3441 454 3512 colligere,
492 3442 667 3495 locum
706 3445 873 3494 affero
913 3441 1136 3494 nullum.
1212 3441 1584 3494 satisfacimus
1619 3445 1800 3495 sensui
1827 3450 1979 3495 natu·

172 3539 296 3605 rali,
350 3544 440 3610 qui
489 3558 865 3606 usquequaque
916 3539 1146 3605 palmam
1188 3539 1362 3591 defert
1399 3540 1463 3590 ad
1503 3557 1765 3593 amorem:
1818 3541 1983 3606 profi-
