2346 3912
902 254 1313 307 ...9.-

203 404 488 474 (Dogmal.
530 407 578 455 3.
618 402 769 468 Aust.
808 403 855 464 ᾖ.
897 402 1032 469 1υ4.)
1072 400 1138 451 Η.
1180 401 1235 451 F.
1276 399 1367 452 W.
1408 397 1701 449 Hmmcus.
1748 397 1863 466 (die
1901 398 2012 450 Re-

200 504 379 572 ligion
400 506 470 553 im
489 504 680 552 reinero
708 498 1045 551 Verltc‘iltm‘ss
1064 516 1164 550 zur
1188 495 1589 561 Wissemchaft
1608 501 1759 548 1822.
1778 514 1826 560 p.
1843 499 1909 548 97
1924 494 2015 560 Ἴ.)

200 599 558 652 Fnuunmcn.
593 595 716 662 (das
751 596 948 647 'Vesen
977 596 1070 647 des
1099 593 1430 647 Chriseentlae.
1459 599 1508 645 2.
1536 593 1709 662 Ausg.
1744 612 1789 658 p.
1821 593 2016 656 13**).)

201 701 285 749 ita
321 697 485 765 igitur
520 694 566 745 si
605 694 723 757 quis
760 693 824 743 ad
866 693 1188 759 pantheismi
1227 696 1489 746 rationem
1527 692 1780 744 mundum
1816 691 2015 742 consti-

201 793 454 846 tuendum
494 789 811 849 arbitratum
872 790 1027 842 deum
1079 808 1191 842 esse
1242 794 1441 861 pariter
1478 793 1534 842 in
1572 787 1856 856 propatulo
1895 788 2016 850 erit,

203 896 360 955 atque
398 887 771 940 Cartesianum
815 887 974 940 illud:
1015 891 1242 957 „cogito
1276 907 1401 958 ergo
1439 907 1556 940 sum
1571 892 1606 919 “
1640 885 1802 956 (quod
1826 883 2017 936 Hace-

203 1003 332 1038 mus
385 984 600 1053 Encycl.
653 989 697 1048 ξ.
739 989 824 1037 76.
878 1003 1066 1036 revera
1120 987 1173 1035 in
1223 1002 1376 1035 usum
1429 1002 1582 1036 suum
1622 985 1909 1048 convertit)
1966 990 2019 1033 et

205 1083 248 1134 F
254 1101 432 1135 tchn
487 1084 783 1145 sententia,
836 1101 939 1147 qua
985 1082 1113 1132 deus
1165 1080 1298 1132 nihil
1339 1081 1483 1133 aliud
1523 1089 1604 1133 est
1642 1099 1796 1146 quam
1837 1080 2019 1132 mundi

207 1181 337 1231 ordo
363 1179 585 1233 moralis
619 1180 980 1249 (Anweisung
1004 1196 1119 1231 zum
1145 1180 1356 1248 seligere
1379 1178 1568 1231 Leben
1610 1183 1761 1230 1806.
1802 1197 1854 1244 p.
1885 1182 2019 1235 2853

208 1316 243 1342 ‚‚
269 1277 473 1329 Umere
514 1277 686 1328 Liebe
735 1295 802 1328 zu
848 1277 980 1329 Gote
1029 1283 1101 1329 ist
1152 1282 1302 1328 aeine
1351 1283 1547 1346 eigene
1585 1276 1760 1328 Liebe
1809 1292 1877 1327 zu
1915 1274 2020 1326 ilum

208 1373 462 1439 selber“).
515 1371 818 1423 Istiusmodi
844 1392 972 1425 sane
994 1373 1299 1439 philosophi
1324 1379 1470 1425 omni
1495 1393 1590 1439 pro
1616 1375 1700 1424 dei
1731 1375 2024 1424 existentia

207 1472 666 1538 argumentatione
694 1469 1040 1535 supersedere
1069 1477 1335 1536 poterunt.
1408 1469 1574 1520 Amor
1603 1469 1835 1521 hominis
1866 1471 2024 1520 deum

214 1567 344 1618 facit
390 1566 660 1618 hominem
715 1574 767 1617 et
816 1566 1086 1619 hominem
1142 1568 1298 1620 deum
1338 1567 1603 1636 (Famam
1644 1566 1681 1618 l.
1721 1587 1767 1619 c.
1807 1587 1857 1633 p.
1894 1567 2024 1633 71.).

212 1662 415 1715 Verum
456 1666 728 1716 enimvero
767 1668 868 1717 iste
907 1664 1085 1717 nullus
1125 1676 1206 1718 est
1244 1667 1390 1718 deus.
1474 1665 1592 1716 Hac
1632 1665 1865 1716 admissa
1904 1681 2026 1714 sen-

211 1766 381 1812 tentia
417 1762 744 1814 revolvimur
783 1764 848 1814 ad
883 1766 1255 1815 necessitatem
1282 1763 1432 1815 illam
1462 1762 1785 1815 Graecorum
1812 1778 2028 1813 caecam

215 1866 269 1909 et
319 1862 677 1911 conscientiae
726 1867 1035 1926 expertem,
1086 1861 1389 1931 εἱμαρμένην
1440 1879 1480 1911 s.
1532 1858 1847 1928 πεπορμένην
1889 1858 2028 1920 dico,

216 1973 318 2020 qua
356 1955 513 2022 deos,
555 1975 685 2022 quos
725 1956 1067 2022 effinxerunt,
1110 1961 1215 2024 ipsi
1253 1959 1536 2012 sustulisse
1570 1957 1851 2027 judicandi
1890 1962 2029 2007 sunt.

214 2051 274 2103 In
311 2060 587 2106 aeternum
626 2057 767 2106 enim
808 2054 1074 2108 evolvitur
1109 2059 1428 2123 principium
1466 2057 1603 2109 illud
1640 2072 1903 2107 summum
1938 2070 2032 2118 per

216 2168 472 2224 personas
499 2151 708 2216 quidem
741 2151 833 2203 sed
863 2153 928 2203 ad
959 2160 1156 2206 statum
1187 2152 1686 2221 impersonalitatiS,
1727 2169 1887 2218 quum
1911 2167 2030 2215 per-

216 2266 380 2300 sonae
419 2248 664 2300 condicio
703 2251 788 2312 iis,
828 2252 917 2315 qui
955 2253 1080 2316 quid
1120 2255 1193 2305 sit
1223 2269 1470 2318 persona,
1510 2251 1772 2312 nesciant,
1813 2254 2034 2300 naturae

217 2345 497 2398 absolutae
535 2349 1117 2412 circumscriptioesse
1156 2351 1417 2403 videatur.
1491 2347 1574 2399 lta
1601 2347 1776 2412 nobiS,
1814 2346 1901 2397 dei
1932 2347 2036 2396 sci-

217 2443 347 2495 licet
384 2442 765 2508 partiunculiS‚
819 2443 967 2495 nulla
1002 2444 1325 2510 relinquitur
1359 2447 1444 2497 dei
1485 2446 1791 2508 venerati0‚
1845 2443 2038 2507 quippe

220 2543 308 2607 qui
346 2546 438 2592 aut
476 2542 531 2591 in
572 2539 725 2592 nobis
763 2559 824 2592 ac
861 2541 1229 2595 consimilibus
1267 2545 1472 2595 naturis
1510 2542 1614 2594 sibi
1652 2541 1899 2614 conscius
1923 2536 2038 2599 fiat,

222 2807 297 2836 sen
334 2795 526 2835 seiner
567 2792 708 2834 selber
740 2794 786 2833 in
816 2798 964 2834 ums.“
1022 2795 1243 2850 Nuncupat
1286 2809 1386 2838 vero
1429 2802 1712 2848 argumentum
1757 2792 1866 2833 istud
1908 2790 2041 2845 (haud

223 2867 351 2907 facile
384 2866 541 2906 dixeris
574 2876 653 2915 quo
680 2862 802 2916 jure)
832 2863 1128 2917 theoloyicum.
1158 2890 1213 2896 —
1243 2866 1345 2907 Item
1367 2865 1550 2906 strauss.
1585 2867 1626 2905 in
1653 2866 1844 2915 Dogmat.
1880 2868 1976 2902 tom.
2008 2861 2039 2902 1.

226 2950 266 2990 p.
299 2937 400 2979 389.

340 3016 388 3076 *)
420 3019 583 3070 „Weil
611 3019 687 3060 der
717 3017 894 3071 Beyriff
917 3031 998 3059 von
1030 3018 1130 3060 Gott
1161 3020 1245 3072 ist,
1277 3021 1337 3060 ist
1370 3018 1495 3060 Gott:
1530 3031 1578 3060 er
1607 3019 1677 3059 als
1708 3016 1883 3072 Beyriff
1903 3017 2045 3058 seiner

227 3092 287 3132 ist
314 3092 407 3132 sein
435 3090 656 3132 Dasein.“
717 3089 968 3143 Quamquam
1000 3090 1199 3140 Hegelius
1233 3090 1321 3143 ipse
1352 3090 1519 3143 saepius
1555 3089 1612 3143 (v.
1634 3103 1672 3130 c.
1700 3087 1945 3130 Geschichte
1968 3088 2047 3128 der

227 3161 395 3204 Philas.
427 3161 498 3202 ΙΙΙ.
533 3174 574 3215 p.
598 3158 697 3215 46.)
730 3165 881 3208 monet,
915 3159 982 3199 dei
1014 3161 1274 3201 existentiam
1310 3173 1405 3201 esse
1438 3161 1603 3214 quidem
1631 3159 1724 3212 ejus
1753 3159 2045 3210 cogitationem

233 3233 273 3271 in
303 3233 422 3273 nobis
456 3232 700 3280 excitatam,
737 3243 877 3271 verum
911 3230 1172 3271 existentiam
1205 3230 1298 3282 ejus
1331 3232 1493 3272 realem
1530 3232 1762 3272 universam
1798 3242 1893 3270 esse
1925 3234 2044 3269 natu-

233 3314 344 3351 ram,
381 3301 501 3353 cujus
534 3303 861 3352 ,‚momentum“
895 3301 1097 3354 quoddam
1131 3302 1186 3341 sit
1217 3308 1385 3353 natura,
1424 3315 1529 3355 quae
1561 3303 1741 3353 cogitet,
1778 3301 1958 3351 singula.

319 3382 394 3440 **)
425 3399 465 3439 p.
497 3389 569 3427 71.
612 3386 742 3436 „Die
770 3384 894 3427 Liebe
922 3384 983 3425 ist
1015 3385 1115 3426 Gott
1153 3384 1293 3427 selber
1334 3386 1421 3427 und
1462 3398 1617 3427 ausser
1652 3385 1722 3428 ihr
1756 3385 1850 3426 kein
1882 3384 2050 3425 Gott.“

234 3471 271 3511 p.
302 3459 346 3497 2.
378 3456 501 3507 „Die
529 3457 730 3510 Reliyion
759 3482 814 3490 -
849 3457 908 3497 ist
938 3454 1019 3496 das
1042 3457 1335 3498 Bewusstsein
1366 3457 1440 3499 des
1470 3456 1695 3498 Men-§cheu
1731 3470 1810 3498 von
1841 3457 2049 3498 seinem

235 3526 511 3569 mtendlichen
549 3527 712 3571 Wesen.
726 3530 759 3550 “
