2346 3912
907 241 1322 294 -25-

208 391 318 446 nati
358 390 554 449 simus;
604 389 846 441 maxima
885 386 1015 439 haec
1061 385 1200 439 solet
1238 402 1356 438 esse
1394 402 1608 449 eorum,
1661 387 1750 451 qui
1788 383 1898 455 legi
1935 389 2024 437 isti

208 489 446 540 maxime
484 486 818 538 satisfaciant
872 492 925 538 et
976 487 1150 536 omnis
1204 485 1422 548 omnino
1462 485 1718 548 societas,
1769 485 1885 535 sine
1924 501 2027 549 qua

210 586 368 637 homo
410 602 476 636 ne
511 591 592 636 est
626 583 840 652 quidem
880 582 1057 647 homo,
1096 588 1308 633 corruat
1341 598 1561 633 necesse
1598 586 1698 646 est,
1737 580 1829 632 ubi
1862 580 2027 649 hujus

207 682 347 751 legis
385 689 443 734 ut
482 678 741 732 naturalis
779 681 983 748 agnitio
1025 678 1372 731 detrectatur.
1445 677 1568 731 Non
1603 685 1684 730 est
1709 676 1874 746 hujus
1899 676 2027 742 loci,

206 786 267 832 ut
305 777 514 848 singula
549 775 766 828 uberius
805 793 1215 842 persequamur;
1256 785 1338 828 est
1375 775 1506 828 haec
1541 763 1764 828 naturae
1799 774 1930 839 lex,
1970 781 2029 826 ut

209 876 347 929 alter
384 875 611 927 alterum
654 880 918 940 praestet,
974 891 1036 924 ac
1074 873 1243 925 multa
1282 875 1337 924 in
1375 871 1652 924 hominum
1691 872 1779 924 vel
1817 875 2029 942 ignoto-

207 991 323 1026 rum
354 974 581 1043 gratiam
610 970 875 1022 exantlet.
951 969 1096 1032 Quid
1134 977 1314 1023 autem
1353 971 1525 1022 dicam
1566 971 1631 1021 de
1670 969 1855 1034 malis,
1896 987 2030 1035 quae

208 1070 433 1122 aliorum
475 1071 591 1121 vice
633 1075 853 1120 naturae
894 1071 1214 1120 necessitate
1253 1076 1377 1121 sunt
1416 1067 1790 1134 suscipienda&
1837 1065 2031 1119 Nonne

208 1167 392 1234 ampla
442 1166 540 1218 illa
593 1164 659 1216 de
709 1172 930 1231 peccato
986 1165 1312 1218 hereditario
1361 1167 1606 1218 doctrina
1653 1163 1757 1216 huc
1806 1171 2031 1230 spectat,

218 1283 354 1332 quae
393 1266 606 1316 etiamsi
642 1281 745 1315 non
785 1263 1033 1316 horribili
1066 1267 1278 1316 ratione
1318 1283 1399 1331 ea,
1436 1282 1538 1331 qua
1562 1261 1895 1332 Augustinus
1917 1279 2033 1314 rem

212 1363 493 1427 exposuit,
535 1366 712 1425 potest
748 1360 907 1419 ferri3
957 1367 1136 1412 tamen
1175 1364 1232 1413 in
1269 1363 1536 1428 frequenti
1574 1379 1637 1412 ac
1674 1362 1827 1429 gravi
1861 1358 2034 1411 malo·

207 1476 325 1510 rum
365 1465 418 1509 et
454 1455 799 1524 physicorum
840 1463 892 1508 et
929 1457 1210 1510 moralium
1241 1459 1623 1526 propagatione
1652 1474 2035 1522 saepenumero

217 1554 520 1607 inevitabili
559 1553 826 1606 cernitur?
900 1553 1048 1606 Idem
1089 1555 1250 1608 facile
1289 1555 1468 1608 estad
1499 1553 2035 1607 animadvertendum

212 1656 267 1704 in
321 1653 498 1716 media
547 1654 664 1718 ipsa
716 1654 829 1703 vita
881 1657 1040 1717 atque
1090 1653 1190 1706 hac
1240 1672 1448 1721 quoque
1488 1670 1562 1704 ex
1601 1658 1751 1717 parte
1790 1651 2037 1704 homines

217 1750 351 1801 adeo
390 1752 533 1802 inter
571 1768 628 1801 se
667 1751 775 1815 apti
814 1756 936 1802 sunt
974 1756 1029 1802 et
1066 1755 1319 1816 connexi,
1353 1757 1413 1803 ut
1447 1767 1549 1816 quo
1590 1750 1707 1815 quis
1745 1751 2039 1815 promptior

213 1856 295 1900 est
333 1848 398 1899 ad
439 1866 602 1899 onera
641 1865 731 1913 pro
771 1846 895 1898 aliis
934 1850 1301 1915 suscipienda,
1341 1867 1404 1901 eo
1443 1847 1641 1899 laetius
1677 1848 1859 1915 vigeat
1896 1864 2039 1898 com—

212 1947 395 1998 munio
434 1962 602 2012 eoque
640 1944 845 1996 beatior
881 1946 995 2009 ipse
1034 1946 1105 1996 sit
1142 1945 1352 1998 futurus
1379 1951 1433 1997 et
1455 1946 1625 2010 inepti
1653 1960 1869 2009 prorsus
1898 1951 2040 1997 esset

213 2041 477 2108 hominiS,
527 2046 573 2095 si
622 2044 738 2109 quis
788 2041 912 2094 huic
964 2040 1198 2094 naturali
1250 2045 1557 2096 necessitati
1596 2058 1714 2093 sese
1753 2041 1913 2107 plane
1951 2042 2039 2094 vel

220 2157 464 2208 magnam
504 2148 709 2205 partem
748 2138 1060 2192 subtrahere
1107 2143 1163 2192 in
1201 2148 1434 2194 mentem
1471 2138 1852 2191 introduceret.
1927 2137 2039 2191 Ne-

215 2256 315 2303 que
355 2239 573 2289 omnino
613 2255 831 2303 sperare
867 2235 995 2289 licet
1031 2238 1179 2304 fore,
1218 2245 1277 2292 ut
1313 2241 1430 2306 quis
1467 2243 1774 2289 naturarum
1797 2237 2040 2287 vivarum

217 2337 358 2386 inter
396 2352 454 2387 se
491 2322 753 2388 rationem
794 2341 848 2386 et
884 2343 1109 2388 naturae
1148 2337 1390 2389 ordinem
1424 2334 1571 2386 clara
1595 2333 1713 2386 luce
1740 2333 2042 2399 perfundat,

218 2434 324 2483 nisi
373 2430 511 2483 hanc
566 2434 737 2485 mutui
789 2433 986 2483 amoris
1036 2433 1486 2486 necessitudinem
1525 2437 1781 2501 agnoscat
1819 2438 2042 2484 naturae

219 2529 411 2599 legem.

736 2711 1537 2769 Repugnantia.

360 2823 440 2874 Ea
467 2828 550 2875 est
574 2829 795 2875 naturae
820 2823 1031 2874 indoles
1056 2830 1214 2888 atque
1241 2824 1390 2889 ordo,
1431 2833 1491 2875 ut
1526 2826 1572 2874 si
1611 2825 1733 2891 ejus
1758 2821 1855 2873 lex
1882 2839 2047 2888 quae-

224 2923 345 2973 dam
373 2920 528 2973 firme
564 2922 855 2973 constituta
891 2919 986 2972 alii
1024 2919 1134 2989 legi
1166 2928 1446 2990 repugnet,
1484 2924 1520 2973 i.
1548 2939 1596 2973 e.
1622 2919 1795 2972 altera
1818 2919 2045 2972 alteram

225 3018 411 3079 tollat3
452 3025 598 3071 certo
623 3018 776 3069 nobis
804 3035 1115 3084 persuasum
1154 3036 1272 3070 esse
1301 3018 1526 3083 debeat,·
1549 3035 1785 3070 errorem
1812 3015 2045 3083 aliquem

224 3117 443 3169 subesse
481 3123 535 3170 et
585 3122 678 3169 aut
715 3116 1029 3168 alterutram
1076 3115 1251 3186 legem
1304 3134 1421 3168 esse
1468 3114 1765 3168 tollendam
1813 3121 1906 3166 aut
1953 3113 2047 3166 ubi

226 3212 325 3266 hoc
361 3213 484 3267 fieri
522 3216 737 3280 nequit,
777 3213 964 3265 eadem
1005 3232 1108 3279 qua
1135 3213 1308 3283 legem
1343 3215 1512 3280 ipsam
1539 3214 1858 3265 necessitate
1882 3228 2048 3281 agno-

231 3311 483 3363 scendum
525 3330 643 3364 esse
678 3312 767 3378 id,
807 3311 943 3378 quod
979 3314 1387 3381 repugnantiam
1424 3311 1577 3363 illam
1614 3313 1907 3363 removeat.

367 3407 666 3461 Videamus
715 3412 911 3478 igitur,
976 3409 1147 3475 qualis
1199 3412 1271 3462 sit
1320 3408 1415 3460 illa
1463 3408 1591 3474 lex,
1652 3424 1809 3474 quam
1861 3411 2050 3458 natura

234 3505 541 3571 postulante
604 3506 764 3558 modo
832 3509 1225 3559 constituimus.
1332 3506 1578 3559 Postulat
1639 3505 1769 3559 ordo
1830 3499 2052 3558 naturae
