2346 3912
1069 233 1448 284 -4-

352 391 538 435 tratur.
614 380 658 430 A
700 380 1019 448 dogmaticis
1058 379 1319 431 ecclesiae
1362 386 1574 430 nostrae
1612 377 1997 430 vetustioribus
2029 381 2174 445 (per-

352 481 535 546 paucis
575 480 822 543 exceptis
875 476 1047 529 veluti
1087 474 1302 542 Baiero)
1358 482 1673 544 argumenta
1724 479 1827 527 ista
1876 476 2028 528 flocci
2079 477 2175 530 du-

352 583 572 642 cuntur,
622 577 813 641 quippe
866 592 1022 639 quum
1078 579 1508 642 argumentorum
1560 574 1883 641 reliquorum
1941 577 2177 627 omnium

353 676 470 728 loco
505 671 870 726 exhibendum
911 674 983 722 sit
1022 671 1106 737 id,
1153 673 1291 738 quod
1347 691 1378 723 a
1425 672 1749 724 revelatiore
1797 676 1913 740 ipsa
1949 680 2178 739 petatur.

354 773 661 839 „Nimirum
691 770 820 820 deus
837 769 927 820 ubi
954 788 1073 821 sese
1096 772 1483 836 manifestavit,
1511 789 1626 824 esse
1651 775 1812 824 etiam
1842 772 2099 824 debebit“
2112 771 2178 841 *).

352 872 575 935 Antiqui
626 869 911 936 dogmatici
965 886 1121 933 quum
1174 868 1472 934 despicatui
1524 870 1636 920 fere
1687 868 1922 922 habeant
1971 877 2183 936 praeter

353 970 453 1020 hoc
491 986 652 1019 unum
695 974 1064 1035 argumentum
1115 967 1322 1033 reliqua
1374 969 1585 1030 omnia,
1638 970 1766 1018 item
1815 967 2182 1033 exploduntur

354 1074 406 1117 et
446 1068 548 1130 ipsi
598 1083 630 1115 a
678 1064 1067 1115 recentioribus
1119 1064 1437 1132 dogmaticis
1490 1052 1850 1117 liberioribus,
1927 1065 2180 1117 Attamen

353 1171 597 1215 neutrum
652 1180 770 1212 cum
830 1179 960 1212 vero
1027 1162 1354 1212 concordare
1415 1162 1724 1228 putandum.
1818 1161 1957 1214 Nam
2010 1165 2178 1214 circu-

351 1261 466 1323 luS‚
519 1277 674 1324 quem
714 1259 900 1308 dicunt
940 1260 990 1307 in
1031 1263 1146 1310 tota
1194 1258 1294 1309 hac
1345 1262 1807 1328 argumentatione
1858 1260 2060 1324 latere,
2114 1261 2182 1312 iis

351 1365 559 1409 tantum
600 1356 913 1424 dogmaticis
954 1353 1238 1419 opprobrio
1280 1362 1361 1405 est
1395 1357 1700 1422 vertendm,
1739 1360 1829 1423 qui
1854 1356 2018 1410 fidem
2048 1362 2180 1411 scri-

352 1459 540 1518 pturae
594 1469 778 1503 sacrae
828 1458 886 1503 ut
934 1450 1285 1502 revelationis
1334 1451 1612 1504 absolutae
1650 1455 1783 1506 fonti
1822 1474 1939 1508 esse
1978 1456 2180 1510 haben-

353 1551 507 1614 dam,
547 1552 876 1618 argumentis
916 1552 1164 1600 evincere
1203 1568 1310 1600 non
1348 1552 1456 1601 sint
1495 1555 1688 1603 conati.
1764 1555 1969 1615 Quodsi
1996 1559 2083 1608 cui
2107 1575 2182 1609 ex

354 1646 624 1711 aliquibus
665 1648 1063 1712 quibuscunque
1113 1650 1288 1699 causis
1328 1649 1694 1702 ralionalibus
1732 1671 2040 1717 persuasum
2082 1661 2182 1719 est,

353 1743 516 1796 fidem
559 1744 778 1797 Christo
819 1744 1217 1814 adjungendam
1267 1763 1385 1796 esse
1439 1748 1710 1800 indubiam
1753 1754 1980 1820 ejusque
2018 1754 2182 1806 verba

353 1849 446 1894 aut
494 1851 638 1894 certe
687 1861 844 1894 sensa
897 1861 1025 1894 vere
1074 1843 1137 1893 ad
1179 1847 1508 1907 posteritatis
1549 1852 1858 1901 memoriam
1901 1869 2018 1903 esse
2058 1870 2182 1918 pro·

352 1948 572 2010 pagata:
627 1959 694 1992 ne
746 1940 880 1992 illud
936 1941 1149 2006 quidem
1200 1943 1255 1992 in
1306 1942 1694 1997 dubitationem
1736 1945 2181 2016 poteritadduci,

354 2042 478 2104 quin
512 2040 643 2090 deus
670 2028 888 2090 Christo
915 2047 1052 2090 teste
1078 2038 1523 2106 locupletissimo,
1562 2062 1754 2097 revera
1782 2055 1982 2103 exstet.
2039 2049 2183 2112 Quid

354 2136 534 2187 enimt
593 2135 678 2187 An
719 2136 820 2188 hoc
860 2137 945 2189 vel
988 2138 1270 2189 articulum
1304 2143 1561 2205 temporis
1593 2148 1791 2207 poterit
1817 2146 2033 2199 dubium
2065 2167 2185 2201 esse

353 2237 455 2298 iis,
510 2237 599 2300 qui
639 2233 948 2300 Christum,
1001 2238 1173 2301 ipsius
1213 2239 1512 2290 testimonii
1557 2242 1639 2291 vel
1681 2246 1860 2307 potius
1897 2249 2182 2314 gravitatis

354 2331 590 2397 moralis,
633 2351 734 2398 qua
775 2331 1025 2384 Christus
1066 2334 1221 2385 nobis
1261 2354 1379 2387 sese
1419 2338 1595 2401 offert,
1637 2341 1872 2405 pondere
1906 2349 2180 2409 commoti,

353 2430 438 2481 dei
479 2429 650 2481 filium
695 2430 959 2483 habeant?
1034 2432 1158 2483 Non
1197 2433 1354 2484 credo
1395 2437 1670 2499 equidem3
1724 2458 1784 2491 ac
1824 2458 1983 2506 quum
2024 2443 2185 2497 mihi-

353 2534 465 2578 met
494 2530 616 2592 ipsi,
648 2528 783 2592 quod
819 2530 979 2580 modo
1014 2534 1330 2595 memoravi,
1353 2535 1674 2600 justissimis
1704 2540 1890 2602 opinor
1913 2540 1979 2591 de
2008 2546 2183 2596 causis

356 2641 664 2688 persuasum
693 2627 781 2689 sit,
810 2644 908 2694 ego
937 2633 1079 2678 certe
1108 2645 1246 2678 nunc
1273 2634 1528 2695 temporis
1557 2636 1688 2685 satis
1708 2634 1959 2689 haberem
1979 2622 2184 2695 Christi

355 2738 449 2786 pro
502 2721 588 2773 dei
642 2724 938 2775 existentia
986 2728 1309 2779 testimonio.
1365 2761 1428 2768 -—
1504 2730 1856 2785 Atenimvero
1915 2738 2030 2804 jam
2092 2758 2186 2805 per

470 2941 517 3000 *)
549 2945 801 2988 Referuntur
831 2951 956 3002 vulgo
989 2953 1040 2992 ad
1073 2954 1244 2995 eandem
1272 2956 1375 2996 hanc
1402 2959 1800 3007 argumentationem
1827 2962 1952 3003 etiam
1974 2964 2181 3007 Ullmann.

360 3019 398 3056 in
433 3015 549 3058 stud.
596 3024 638 3059 ct
670 3018 769 3060 Crit.
808 3021 932 3063 1835.
980 3036 1017 3075 p.
1053 3024 1177 3075 602„
1225 3026 1292 3065 cui
1335 3026 1489 3068 Christi
1530 3041 1734 3081 personae
1781 3032 1943 3075 indoles
1985 3048 2181 3078 summam

358 3088 560 3139 quandam
592 3094 793 3140 naturam,
827 3095 1106 3144 praestantiae
1142 3095 1260 3136 illius
1296 3110 1462 3139 causam
1495 3111 1543 3139 ac
1578 3099 1758 3151 fontem,
1794 3103 1911 3157 loqui
1943 3106 2111 3148 videtur
2141 3115 2183 3149 et

357 3156 489 3198 Storr.
523 3158 697 3213 (Lehrb.
733 3161 810 3202 der
837 3162 1041 3215 Doynzat.
1073 3179 1110 3219 p.
1142 3167 1245 3209 262.
1291 3165 1332 3220 ξ.
1368 3169 1486 3224 19.),
1534 3171 1604 3223 qui
1645 3184 1667 3211 e
1709 3173 1924 3216 miraculis
1956 3188 1982 3226 a
2015 3176 2180 3220 Christo

361 3227 537 3281 ejusque
580 3230 798 3283 discipulis
840 3236 1090 3286 perpetratis
1137 3244 1179 3278 et
1216 3240 1264 3279 ad
1305 3241 1523 3282 consilium
1560 3243 1867 3298 potentiamque
1908 3246 1975 3287 dei
2021 3248 2182 3300 relatis,

361 3307 644 3349 argumentum
686 3313 758 3354 pro
802 3303 868 3342 dei
915 3305 1138 3348 existentia
1178 3316 1322 3362 petere
1366 3318 1550 3353 conatur.
1611 3312 1712 3355 Sunt
1747 3322 1883 3358 autem
1919 3318 2024 3360 haec
2058 3331 2183 3372 argu-

362 3375 521 3419 menta,
566 3378 766 3424 quatenus
798 3387 878 3415 non
913 3376 954 3415 in
984 3378 1077 3418 sola
1108 3379 1187 3420 fide
1221 3381 1386 3423 Christo
1416 3383 1603 3425 habenda
1637 3387 1845 3438 nituntur,
1884 3389 2027 3430 eadem
2059 3396 2182 3444 atque

362 3446 643 3488 argumentum
678 3445 1001 3499 teleologicum,
1049 3451 1157 3502 quod
1200 3453 1354 3493 nullam
1403 3454 1557 3495 habere
1599 3457 1681 3498 vim
1728 3465 1943 3511 cogentem
1987 3458 2098 3501 infra
2140 3461 2180 3500 in

363 3508 475 3548 clara
509 3510 604 3550 luce
637 3513 847 3555 collocare
879 3519 1153 3560 studebimus.
