2346 3912
996 183 1417 236 -24..

299 336 492 386 remoti
531 334 717 383 vivant
754 349 851 382 nec
891 347 1121 396 unquam
1158 347 1280 382 eum
1319 333 1725 397 conspexerint,
1764 329 1958 381 nedum
1997 329 2126 382 boni

297 432 581 499 quidquam
623 430 674 481 ei
695 426 998 480 'intulerint
1033 435 1251 497 propter
1274 431 1469 495 ipsum,
1508 429 1646 481 bene
1675 430 1856 495 cupiat
1882 434 1936 480 et
1958 430 2124 494 omni,

298 549 402 597 qua
434 529 555 582 fieri
593 528 793 595 possit,
829 527 1044 578 ratione
1080 525 1310 579 salutem
1349 533 1405 578 et
1441 533 1725 579 externam
1766 532 1820 578 et
1858 528 2126 579 internam

299 627 513 693 fundet,
553 631 787 689 tueatur,
827 622 1140 689 amplificet.
1216 624 1364 677 Idem
1405 622 1618 678 ducitur
1653 643 1838 677 eorum
1867 641 2004 690 esse,
2036 625 2128 690 qui

295 727 591 792 principem
641 728 701 774 ut
748 721 1010 790 adjuvent.
1065 725 1116 775 in
1171 726 1394 776 civitate
1445 723 1874 775 administranda
1931 721 2128 775 delecti

296 829 450 888 sunt,
490 828 650 887 atque
689 837 847 886 quum
886 822 1063 873 omnis
1100 823 1293 874 civitas
1331 838 1406 873 ex
1432 820 1617 873 multis
1641 821 1951 874 civitatibus
1978 838 2127 873 com-

297 922 474 987 posita
525 921 597 971 sit
646 918 973 985 minoribus,
1034 937 1131 986 per
1191 936 1379 971 omnes
1441 921 1662 970 omnino
1713 919 1930 971 ordines
1982 919 2127 971 idem

297 1024 542 1085 permeat
579 1015 846 1082 officium,
897 1019 1093 1083 quippe
1132 1033 1358 1082 quorum
1403 1018 1674 1080 omnium,
1726 1018 1971 1080 quamvis
2010 1033 2130 1069 sese

295 1117 544 1180 proxime
583 1131 650 1165 ne
687 1115 958 1183 attingant
989 1112 1224 1181 quidem,
1263 1119 1446 1165 tamen
1472 1112 1574 1164 hoc
1599 1115 1838 1165 omnium
1864 1129 2132 1166 consensu

295 1230 416 1265 esse
454 1212 831 1275 existimetur,
870 1216 932 1263 ut
967 1213 1054 1263 sui
1088 1212 1231 1263 inter
1255 1228 1327 1263 se
1363 1212 1631 1263 rationem
1673 1209 1871 1263 ducant
1908 1215 1964 1262 et
2001 1227 2132 1276 prae

295 1310 527 1363 aliorum
554 1307 731 1363 salute
756 1309 995 1375 ipsorum
1016 1324 1181 1374 saepe
1207 1305 1500 1373 utilitatem
1527 1307 1865 1375 vilipendant
1901 1305 2129 1376 (Matth4

295 1412 398 1474 22,
436 1412 568 1472 38.).
644 1405 798 1469 Quae
845 1408 893 1457 si
939 1407 1468 1472 praetermittantur,
1519 1425 1616 1459 nec
1662 1408 1935 1473 (civitates
1974 1407 2011 1458 i.
2054 1404 2129 1475 e.)

296 1507 537 1574 majores
577 1504 792 1555 ordines
833 1522 929 1556 nec
971 1506 1204 1555 minores
1245 1503 1422 1555 locum
1464 1503 1664 1555 habere
1706 1520 1864 1570 posse
1901 1518 2010 1553 una
2047 1506 2132 1553 est

299 1611 354 1654 et
393 1604 736 1653 consentiens
776 1618 902 1652 vox.
991 1599 1051 1651 In
1092 1618 1344 1669 magnum
1384 1609 1565 1654 autem
1602 1618 1839 1653 errorem
1877 1598 2134 1652 inciderit

298 1704 376 1766 is,
425 1702 514 1767 qui
567 1699 668 1750 hoc
719 1701 771 1749 in
823 1696 969 1749 solas
1019 1700 1452 1751 consociationes
1491 1703 1596 1752 rite
1637 1702 1798 1752 initas
1839 1698 2131 1750 convenire
2193 1758 2196 1761 ⁶

298 1799 604 1851 crediderit.
678 1795 774 1849 Uti
829 1815 894 1848 ne
944 1799 1167 1849 minima
1219 1797 1435 1863 quidem
1487 1799 1727 1849 universi
1765 1802 1951 1850 exstat
1987 1814 2130 1864 pars,

299 1915 434 1963 quae
473 1915 577 1948 non
617 1894 682 1947 ad
716 1901 889 1947 totum
929 1902 988 1947 ut
1023 1901 1196 1947 totum
1234 1896 1504 1948 referatur
1542 1902 1595 1947 et
1635 1898 1687 1947 in
1729 1895 1916 1947 mundi
1941 1895 2131 1947 ordine

298 1994 563 2046 servando
615 1996 760 2044 vices
812 1993 1066 2059 quasdam
1116 1996 1383 2046 sustineat
1432 2011 1527 2059 eo,
1582 1993 1721 2059 quod
1767 2011 1920 2045 suam
1958 1994 2131 2059 ipsius

299 2091 464 2144 habet
504 2099 745 2144 naturam
787 2098 951 2156 eaque
989 2089 1156 2143 afficit
1196 2093 1395 2156 pariter
1432 2096 1592 2156 atque
1631 2088 1891 2143 afficitur:
1930 2093 2009 2143 ita
2033 2108 2129 2143 na-

297 2199 448 2243 turae
487 2190 850 2242 conscientiae
889 2187 1145 2241 facultate
1186 2192 1480 2241 instructae
1514 2207 1579 2241 ne
1606 2191 1886 2241 minimum
1916 2189 2130 2256 quidem

297 2305 396 2340 nec
446 2290 686 2356 cogitant
740 2303 836 2337 nec
885 2285 1165 2352 factitant,
1234 2289 1359 2353 quin
1411 2285 1705 2339 efficaciam
1761 2294 2022 2341 exserant
2073 2289 2131 2340 in

300 2392 519 2437 naturas
571 2383 814 2454 ejusdem
866 2386 1080 2452 generis
1133 2391 1185 2435 et
1237 2387 1517 2451 propiores
1569 2391 1623 2437 et
1670 2387 1990 2437 remotiores
2037 2391 2133 2438 aut

297 2488 536 2534 mutuam
591 2481 828 2549 aliquam
884 2485 1152 2535 actionem
1205 2484 1563 2536 exsuscitent.
1650 2481 1809 2546 Quod
1863 2482 2021 2549 quale
2061 2485 2133 2537 sit

299 2581 402 2630 etsi
452 2597 835 2643 saepenumero
892 2599 998 2632 non
1051 2588 1229 2645 potest
1283 2580 1603 2650 singillatim
1663 2581 1904 2645 ostendi,
1968 2598 2130 2647 quum

297 2675 474 2727 rerum
516 2675 989 2741 perquirendarum
1033 2683 1086 2730 et
1124 2678 1616 2748 investigendarum
1665 2677 1896 2731 facultas
1938 2697 2001 2731 eo
2039 2698 2128 2732 us-

300 2774 542 2838 que'non
584 2777 885 2844 pertingat;
935 2782 1113 2828 tamen
1166 2778 1292 2842 quin
1342 2779 1421 2829 ita
1471 2777 1570 2842 sit,
1623 2793 1780 2827 nemo
1829 2779 2021 2843 opinor
2072 2781 2129 2830 in

299 2870 688 2923 dubitationem
719 2875 1017 2938 vocaverit,
1061 2875 1164 2925 nisi
1195 2876 1285 2940 qui
1321 2872 1624 2925 mirabilem
1653 2875 1956 2928 animorum
1986 2879 2131 2928 inter

299 2987 355 3019 se
390 2971 700 3036 juncturam
740 2972 972 3035 penitius
1024 2990 1131 3023 non
1182 2974 1252 3024 sit
1291 2978 1674 3038 perscrutatus
1750 2971 1811 3023 In
1847 2971 2132 3038 propatulo

300 3077 478 3118 autem
517 3073 616 3133 est,
656 3074 864 3120 tantum
897 3067 1105 3137 abesse,
1145 3078 1206 3123 ut
1229 3073 1464 3124 rationes
1490 3073 1628 3123 istae
1656 3076 1870 3137 praeter
1895 3076 2133 3123 naturae

300 3164 568 3231 (necdum,
594 3168 737 3218 enim
776 3174 958 3220 exstat
999 3169 1152 3223 nobis
1185 3169 1339 3239 deus)
1390 3171 1767 3221 necessitatem
1805 3170 1922 3220 sive
1954 3166 2132 3237 legem

307 3264 585 3316 ineantur:
640 3269 835 3331 partim
889 3270 1051 3320 etiam
1101 3267 1336 3320 nolimus
1383 3265 1614 3319 velimus
1662 3284 1781 3318 sese
1835 3269 2132 3332 insinuant,

303 3364 493 3424 partim
547 3363 636 3415 ubi
687 3371 912 3431 possunt
965 3365 1166 3437 negligi
1203 3384 1266 3418 ac
1301 3364 1676 3436 negliguntur,
1727 3367 2027 3418 maximam
2065 3364 2131 3416 de

304 3456 456 3508 nobis
498 3468 711 3513 sumunt
751 3463 1055 3516 vindictam.
1131 3464 1270 3517 Nam
1311 3482 1469 3530 quum
1509 3470 1691 3531 aperte
1721 3464 1789 3516 ad
1818 3462 2129 3517 felicitatem
