2346 3912
933 212 1353 266 ..23-

380 442 1053 488 Fundamentum
1102 441 1682 497 argumentati
1700 444 1910 491 onln-

374 555 518 607 Inter
555 572 741 606 omnes
778 555 938 607 facile
976 558 1260 607 conveniet
1299 550 1415 607 eam
1459 573 1578 608 esse
1606 554 1881 609 hominum
1911 561 2049 611 inter

230 670 290 704 se
327 651 727 722 colligationem
769 653 1100 717 naturalem,
1151 660 1209 705 ut
1247 652 1384 706 alter
1420 671 1495 705 ex
1534 653 1706 706 altero
1745 656 2046 707 rationibus

228 750 511 803 admodum
548 752 714 801 variis
755 752 928 816 iisque
969 749 1284 816 valdequam
1330 750 1584 819 gravibus
1631 753 1701 802 sit
1739 769 2045 817 suspensus.

228 846 357 899 lnde
396 865 428 898 a
463 847 770 912 primordiis
809 850 909 899 vix
947 846 1114 899 ullum
1155 847 1301 899 aliud
1332 847 1533 900 animal
1560 849 1695 899 adeo
1726 867 1856 915 opus
1888 849 2049 902 habet

225 942 453 1003 aliorum
479 944 708 1010 auxilio,
745 950 805 997 ut
829 943 1092 1009 homineS,
1132 962 1352 1010 quorum
1387 945 1722 998 necessitudo
1751 965 1812 997 ac
1848 948 2044 1013 depen-

228 1042 430 1108 dentia,
468 1049 527 1095 ut
551 1046 629 1095 ita
658 1043 852 1107 dicam,
891 1048 1075 1094 mutua
1104 1060 1167 1093 eo
1199 1045 1369 1111 magis
1405 1043 1718 1112 adaugetur,
1748 1061 1850 1108 quo
1877 1047 2045 1113 magis

225 1141 452 1204 virium,
491 1139 680 1206 quibus
719 1139 991 1204 praeditus
1032 1147 1145 1205 est,
1187 1121 1573 1193 sibiconscius
1611 1140 1854 1215 redditur
1886 1148 1941 1194 et
1975 1142 2042 1192 ad

225 1239 393 1288 animi
428 1238 813 1303 perfectionem
851 1236 1114 1289 evehitur.
1203 1238 1470 1291 Nimirum
1508 1235 1823 1304 quamquam
1864 1240 2041 1302 initio,

225 1332 468 1385 homines
505 1335 665 1385 rudes
704 1342 759 1386 et
795 1337 1071 1386 interioris
1099 1336 1274 1387 cultus
1301 1342 1574 1401 experteS,
1613 1336 2042 1400 necessitatibuS‚

223 1430 290 1482 ad
329 1449 458 1496 quas
498 1429 794 1495 explendas
832 1448 863 1480 a
901 1437 1091 1482 natura
1129 1431 1411 1497 pellimur,
1450 1431 1762 1482 satisfacere
1801 1432 2045 1483 videmur

223 1545 380 1602 posse
416 1530 552 1593 soli,
601 1533 782 1579 tamen
834 1545 901 1578 ne
948 1534 1061 1580 tum
1111 1530 1324 1595 quidem
1362 1527 1612 1580 omnibus
1651 1527 1879 1579 aliorum
1917 1527 2044 1578 sub-

225 1625 379 1676 sidiis
416 1643 599 1676 carere
630 1642 935 1689 possumus:
974 1625 1134 1694 longe
1162 1625 1316 1691 plura
1341 1624 1466 1678 aliis
1494 1631 1715 1690 accepta
1738 1626 2042 1686 referimuS‚

226 1739 383 1787 quam
423 1739 808 1787 saepenumero
844 1730 906 1775 ut
943 1712 1297 1776 confiteamur
1335 1741 1367 1773 a
1404 1721 1558 1774 nobis
1595 1724 1943 1787 impetramus
1981 1736 2042 1772 ac

228 1821 275 1870 si
314 1822 403 1884 qui
441 1822 605 1870 vitam
645 1838 862 1885 prorsus
899 1820 1198 1872 solitariam
1230 1820 1314 1872 vel
1342 1838 1460 1871 cum
1493 1822 1673 1884 paucis
1702 1827 1910 1871 tantum
1939 1820 2043 1870 ini-

222 1925 329 1968 tam
368 1917 561 1986 degere
598 1920 655 1967 in
693 1924 925 1969 mentem
964 1898 1325 1981 induxerunt,
1376 1918 1429 1968 id
1483 1936 1643 1983 quum
1693 1916 1862 1968 solius
1910 1914 2041 1966 reli-

221 2016 397 2083 gionis
446 2017 562 2066 sive
619 2014 706 2066 dei
743 2002 906 2066 causa
942 2018 1126 2084 aliquo
1165 2016 1321 2066 modo
1359 2000 1691 2067 admittimus
1729 2021 1841 2065 tum
1883 2011 2043 2064 facile

224 2110 605 2179 intelliginnuS‚
645 2117 812 2162 totam
854 2114 1007 2164 istam
1046 2113 1264 2167 vivendi
1301 2115 1565 2164 rationem
1602 2131 1633 2162 a
1671 2110 1918 2163 conciliis
1956 2109 2044 2159 dei

223 2226 363 2260 vere
398 2212 684 2273 perspectis
734 2209 891 2274 plane
941 2228 1058 2262 esse
1108 2209 1340 2261 alienam
1392 2216 1447 2262 et
1497 2228 1653 2276 quam
1700 2207 1898 2258 habeat
1933 2207 2044 2256 vim

229 2305 593 2371 salutiferam,
634 2306 772 2358 hanc
809 2326 869 2359 re
907 2310 1207 2359 accuratius
1248 2324 1512 2372 excussa,
1566 2307 1781 2358 haurire
1826 2302 2044 2355 tandem

227 2405 519 2478 maximam
559 2410 703 2455 certe
740 2412 945 2469 partem
988 2422 1063 2455 ex
1103 2404 1196 2454 illa
1223 2407 1368 2455 vitae
1395 2411 1566 2470 parte,
1605 2421 1705 2470 qua
1740 2399 2044 2453 istiusmodi

224 2500 469 2552 homines
507 2504 563 2551 in
603 2501 793 2552 mediis
821 2500 1044 2566 reliquis
1069 2500 1375 2552 hominibus
1403 2504 1661 2552 vixerunt
1683 2507 1738 2551 et
1763 2501 2047 2566 viguerunt

226 2615 325 2650 nec
363 2596 532 2649 ullum
571 2596 771 2649 habere
808 2601 1058 2663 pretium,
1099 2599 1486 2677 nisixquatenus
1514 2598 1756 2663 quamvis
1781 2593 2045 2655 solitaria,

222 2713 339 2748 cum
377 2698 491 2746 vita
529 2698 797 2748 communi
834 2695 1139 2748 cohaereat.
1214 2694 1358 2756 Quid
1395 2700 1573 2746 autem
1614 2691 1896 2744 dicendum
1945 2708 2046 2754 pu-

223 2792 456 2844 tabimus
481 2792 547 2843 de
571 2794 684 2843 vita
712 2793 778 2843 ad
806 2795 1064 2859 majorem
1095 2792 1480 2856 perfectionem
1512 2787 1729 2858 evectas.l
1769 2785 2044 2837 Videlicet

223 2893 476 2942 ineuntur
513 2891 795 2941 societates
832 2891 946 2941 sive
981 2891 1257 2951 civitate8‚
1296 2885 1484 2952 quibus
1516 2884 1761 2935 homines
1796 2885 2043 2935 innume-

225 2985 489 3039 rabilibus
532 2986 1016 3039 necessitudinibus
1055 2989 1196 3037 inter
1235 3003 1293 3036 se
1331 2982 1682 3052 colligantur,
1733 2982 1800 3033 ad
1849 2999 1907 3033 se
1958 2982 2043 3031 in-

227 3087 400 3137 vicem
438 3085 761 3150 reseruntur,
799 3102 874 3136 ex
912 3081 1136 3151 singulis
1175 3078 1314 3132 fiunt
1348 3099 1509 3133 unum
1549 3080 1815 3146 quiddam.
1890 3078 2045 3130 Prin-

227 3200 355 3248 ceps
388 3185 760 3243 constituitur3
797 3185 952 3250 cujus
989 3199 1122 3252 quae
1161 3181 1396 3231 omnium
1437 3187 1518 3231 est
1555 3178 1902 3240 conscientia,
1939 3190 2045 3225 non

229 3279 458 3345 amplius
478 3280 688 3332 arbitrii
715 3287 814 3346 est,
843 3279 1103 3346 quomodo
1128 3276 1364 3329 subditos
1387 3285 1538 3344 regat
1563 3294 1624 3328 ac
1654 3275 1931 3344 gubernet,
1955 3271 2048 3324 sed

229 3380 315 3429 cui
352 3376 454 3429 hoc
494 3381 888 3431 sanctissimum
926 3377 1141 3430 videtur
1179 3373 1410 3427 officium
1449 3376 1755 3439 impositum
1794 3383 1943 3435 esse,
1990 3376 2050 3421 ut

236 3478 399 3528 etiam
440 3478 541 3542 iis,
580 3477 670 3541 qui
712 3478 881 3542 ipsius
918 3476 1146 3542 imperio
1183 3473 1384 3525 subditi
1419 3473 1512 3525 sed
1538 3473 1822 3525 admodum
1849 3470 2051 3534 abipso
