2346 3912
925 274 1340 326 -13-

223 420 433 486 quidem
488 421 712 488 (quaest.
763 417 923 470 Tusc.
979 417 1028 483 l,
1073 423 1169 483 13,
1208 418 1319 488 30.)
1375 423 1570 483 „omni
1625 424 1676 471 in
1714 439 1800 486 re,
1848 424 2038 489 inquit,

223 520 506 569 consensio
543 518 777 569 omnium
811 519 1048 585 gentium
1089 515 1184 566 lex
1216 522 1437 571 naturae
1464 520 1698 584 putanda
1724 523 1860 570 est“.
1928 519 2037 571 Ve-

222 632 337 665 rum
391 613 550 666 facile
601 621 778 681 potest
828 615 1066 676 ostendi,
1130 616 1394 679 quomodo
1444 615 1690 667 homines
1750 618 1803 667 in
1857 617 2039 668 multis

224 712 494 763 erroribus
534 713 599 763 ad
640 730 802 763 unum
844 729 1028 763 omnes
1065 715 1493 778 consentientes,
1545 716 1595 764 in
1637 713 1774 764 hanc
1813 714 2039 765 fortasse

226 812 547 862 errationem
572 809 862 861 inciderint
888 826 1056 874 neque
1084 815 1182 873 est,
1223 810 1565 874 quamobrem
1598 818 1815 863 auctore
1839 810 2038 863 Fausto

224 907 424 959 Socino
475 905 727 971 praelect.
764 906 930 958 theol.
983 924 1028 957 c.
1071 912 1119 957 2.
1174 905 1332 974 (Bibl.
1372 906 1460 957 Fr.
1503 906 1688 967 Polon.
1728 908 1768 959 I.
1810 927 1854 974 p.
1895 912 2038 975 537.)

224 1010 316 1056 aut
356 1002 668 1055 Osrssnono
723 1002 1076 1070 (Unterricht
1127 1021 1230 1055 von
1268 1004 1373 1056 deu
1411 1004 1783 1056 vornekmsteu
1823 1005 2040 1074 Haupt-

222 1102 465 1169 punkten
504 1101 603 1152 der
641 1101 847 1153 christl.
890 1102 1151 1170 Religion
1192 1101 1319 1166 Cap.
1350 1104 1419 1169 1.)
1457 1102 1522 1152 ad
1548 1102 1887 1154 traditionem
1918 1103 2040 1153 inde

220 1198 286 1250 ab
327 1197 534 1249 Adamo
573 1197 782 1249 ductam
823 1215 1173 1263 provocemus
1212 1197 1303 1266 (cf.
1332 1201 1492 1250 etiam
1522 1199 1855 1251 SCHELLING.
1907 1201 2038 1252 Vor-

222 1298 488 1363 lesungen
543 1294 678 1347 iiber
727 1295 818 1346 die
856 1294 1119 1346 Methode
1175 1295 1269 1346 des
1320 1297 1476 1347 akad.
1532 1294 1826 1348 Studium&
1907 1298 2042 1350 Tiib.

226 1396 380 1442 1803.
419 1410 470 1455 p.
514 1395 630 1442 167.
706 1388 965 1440 TnoLUC.
1028 1391 1207 1443 Ueber
1242 1393 1341 1443 das
1390 1395 1588 1445 Wesen
1626 1395 1738 1445 mid
1773 1395 1876 1445 den
1903 1397 2040 1446 sim.

222 1487 471 1555 Einfluss
509 1488 603 1538 des
635 1484 932 1537 Heidentlz.
971 1493 1030 1539 in
1057 1487 1323 1540 Neander
1357 1487 1784 1559 Denkwic'rdigk.
1824 1508 1922 1542 ans
1945 1491 2043 1542 der

230 1584 554 1637 Gescleichte
610 1584 704 1634 cles
749 1582 1080 1636 Christentk.
1136 1585 1204 1636 V.
1246 1585 1286 1636 l.
1325 1585 1384 1637 Β.
1433 1591 1584 1638 1823.
1637 1606 1687 1653 p.
1728 1593 1847 1641 235.
1885 1592 2039 1655 seq.).

221 1681 363 1745 Quid
401 1683 538 1748 quod
575 1682 716 1733 idem
754 1679 848 1731 ille
889 1679 1079 1734 Cicero
1116 1683 1182 1734 de
1224 1690 1332 1735 nat.
1374 1684 1519 1735 deor.
1562 1684 1604 1750 Ι,
1644 1682 1730 1751 30,
1770 1690 1854 1738 83.
1895 1689 2039 1738 voci-

220 1780 452 1833 feratur:
496 1779 730 1845 „Nonne
767 1778 930 1844 pudet
971 1781 1357 1846 speculatorem
1386 1813 1451 1820 —·
1474 1789 1715 1849 naturae,
1755 1784 1821 1835 ab
1848 1787 2041 1835 animis

222 1856 609 1930 consuetudine
636 1877 853 1929 imbutis
881 1885 1061 1943 petere
1087 1881 1454 1931 testimonium
1483 1883 1725 1932 veritatis
1740 1881 1802 1932 'W
1832 1889 1886 1932 et
1914 1882 2040 1932 ibid.

221 1976 261 2028 l.
300 1976 391 2028 lll.
430 1984 483 2042 4,
527 1981 636 2027 11.:
679 1974 901 2040 „Placet
938 1980 1114 2026 tantas
1152 1993 1238 2027 res
1278 1980 1531 2042 opinione
1571 1978 1855 2031 stultorum
1889 1980 2041 2048 judi-

223 2073 422 2125 cari‘3“
496 2073 616 2124 Huc
667 2081 875 2139 praeter
923 2091 1134 2124 omnem
1189 2080 1565 2127 necessitatem
1616 2078 1850 2141 accedit,
1904 2078 2042 2142 quod

226 2170 630 2237 haudquaquam
658 2177 817 2222 extra
843 2188 1054 2221 omnem
1082 2170 1469 2225 dubitationem
1500 2183 1582 2227 est
1609 2177 1839 2241 positum
1860 2214 1875 2241 ‚
1917 2192 2043 2226 num

223 2287 411 2321 omnes
450 2276 635 2338 gentes
667 2267 764 2319 hac
801 2270 1053 2333 opinione
1080 2269 1316 2321 imbutae
1356 2273 1481 2335 sint,
1523 2272 1592 2322 cf.
1621 2273 1846 2323 eundem
1882 2275 2044 2324 istum

221 2367 477 2418 Faustum
533 2366 785 2418 Socinum
828 2366 926 2431 (de
981 2374 1181 2418 auctor.
1235 2386 1335 2420 scr.
1387 2373 1439 2420 5.
1482 2387 1523 2419 c.
1565 2375 1614 2420 2.
1667 2373 1723 2422 in
1772 2370 1912 2422 Bibl.
1951 2371 2040 2422 Fr.

221 2463 338 2519 Pol.
379 2463 420 2514 Ι.
463 2483 513 2529 p.
555 2462 729 2529 273.):
782 2464 1180 2526 „inveniuntur
1230 2472 1417 2533 gentes
1470 2469 1614 2517 omni
1661 2485 1874 2532 prorsus
1919 2468 2044 2519 reli-

224 2564 383 2630 gione
435 2567 709 2623 carenteS,
760 2558 942 2625 quales
997 2568 1176 2613 nostra
1228 2569 1404 2614 aetate
1462 2563 1777 2628 quibusdam
1816 2567 1873 2616 in
1910 2564 2045 2617 locis

224 2661 477 2710 inventae
526 2665 651 2710 sunt
704 2676 766 2709 ac
820 2660 1133 2710 nominatim
1184 2661 1240 2710 in
1299 2663 1519 2729 regione
1571 2660 1918 2714 Bresiliae:“
1973 2664 2040 2714 cf.

226 2755 503 2808 Mammas·
584 2755 882 2807 Grundrise
931 2756 1028 2807 der
1071 2756 1394 2808 Geso-hichie
1446 2760 1586 2809 aller
1622 2760 1957 2829 Religionem
1996 2766 2045 2811 2.

226 2855 404 2922 Arc-eg.
453 2858 606 2904 1787.
647 2856 695 2915 ξ.
738 2857 784 2902 1.
857 2851 1005 2902 Idem
1044 2860 1169 2904 ante
1218 2871 1413 2918 paucos
1451 2854 1551 2905 hos
1602 2874 1770 2907 annos
1809 2858 1874 2908 de
1914 2856 2046 2909 Bre-

225 2948 350 3000 silia
401 2952 579 3000 nescio
626 2948 727 3000 hoc
766 2952 1024 3014 temporis
1076 2950 1302 3001 articulo
1341 2952 1431 3003 ubi
1471 2952 1649 3022 legere
1698 2971 1783 3004 me
1825 2958 2046 3006 memini

228 3054 282 3098 et
318 3045 617 3111 complures
670 3049 758 3113 qui
808 3050 1178 3099 recentissima
1234 3057 1411 3102 aetate
1450 3054 1644 3103 itinera
1682 3059 2045 3118 susceperunt,

227 3150 285 3195 ut
325 3142 546 3195 Rossius
599 3151 651 3196 et
700 3144 905 3211 Parry,
956 3148 1010 3196 in
1060 3153 1246 3214 gentes
1284 3146 1633 3214 (Eskimaux)
1687 3167 1744 3200 se
1793 3150 2046 3200 incidisse

230 3249 463 3307 narrant,
502 3260 636 3308 quae
673 3244 819 3293 omni
856 3242 1118 3311 religione
1155 3250 1386 3296 careant.
1462 3244 1604 3296 Idem
1636 3252 1814 3296 narrat
1840 3245 2042 3297 Azarra

231 3505 315 3531 ποι
350 3493 458 3547 περὶ
488 3489 623 3530 θεῶν
656 3491 837 3542 &ovam
866 3490 1149 3550 πρόληψιν);
1184 3491 1272 3532 Cic.
1300 3492 1350 3531 de
1375 3492 1460 3543 leg.
1494 3492 1524 3542 l,
1555 3494 1598 3535 8.
1635 3493 1752 3534 Lact.
1791 3496 1920 3537 instit.
1957 3497 2039 3536 div.

229 3559 273 3610 Ι,
308 3563 351 3601 2.
388 3560 520 3602 Clem.
555 3560 675 3602 Alex.
709 3560 860 3604 strom.
898 3557 1052 3612 v‚‘14.
1088 3560 1150 3615 (p.
1184 3562 1271 3604 729
1300 3561 1417 3615 seq.)
