2346 3912
1009 760 1422 834 caput
1496 762 1566 819 1.

378 919 632 983 Novum
679 920 1024 999 exponitur
1060 938 1178 998 pro
1221 917 1323 977 dei
1362 921 1703 980 existentia
1744 931 2201 997 argumentum.

908 1113 1674 1168 Praeparatlo.

521 1227 700 1289 Quum
749 1245 911 1293 supra
958 1244 1067 1280 non
1117 1225 1543 1278 dubitaverimus
1593 1228 1909 1292 promittere
1943 1228 2093 1294 fore,
2145 1236 2207 1282 ut

380 1328 468 1377 via
506 1326 963 1391 demonstrativa,
1021 1343 1161 1391 quae
1197 1325 1422 1391 dicitur,
1477 1342 1595 1377 esse
1634 1325 1790 1376 deum
1830 1322 2207 1378 conficiamus:

379 1442 446 1476 ne
494 1424 789 1490 disputatio
841 1431 1027 1477 nostra
1075 1428 1237 1475 extra
1285 1426 1471 1492 justae
1520 1423 1902 1488 disputationis
1935 1422 2208 1475 cancellos

377 1523 563 1591 vagari
601 1522 879 1588 videatur,
919 1525 1062 1574 viam
1101 1522 1435 1590 designaturi
1470 1538 1682 1585 sumus,
1723 1537 1880 1585 quam
1907 1520 2117 1589 ingredi
2151 1523 2208 1573 in

379 1626 560 1671 mente
598 1618 874 1670 habemus·

523 1715 717 1768 Omnis
742 1721 1137 1786 argumentatio
1160 1717 1534 1785 proficiscatur
1559 1734 1782 1769 necesse
1808 1723 1908 1782 est,
1939 1717 2008 1769 ab
2039 1734 2209 1770 enun-

379 1816 513 1890 tiato
553 1815 782 1880 quodam
822 1821 916 1868 aut
954 1817 1269 1869 immediata
1304 1823 1399 1869 aut
1433 1815 1672 1868 mediata
1707 1816 2043 1867 conscientia
2079 1832 2208 1868 con·

380 1929 532 1963 cesso
567 1913 918 1980 omnibusque
958 1915 1215 1981 probate,
1255 1917 1342 1967 cui
1381 1913 1626 1980 probatio
1660 1915 1778 1979 ipsa
1815 1918 2213 1978 superstruatur

380 2016 540 2075 atque
580 2013 656 2062 ita
698 2013 931 2078 quidem,
969 2021 1030 2067 ut
1058 2016 1415 2083 cogitatorum
1447 2014 1838 2078 compositione
1866 2012 2094 2078 quadam
2118 2017 2214 2063 aut

381 2114 575 2175 negata
602 2115 696 2160 aut
719 2128 994 2178 concessa,
1032 2113 1391 2180 repugnantia
1418 2129 1537 2163 cum
1569 2113 1847 2163 enuntiato
1864 2112 1984 2178 jam
2015 2109 2210 2162 effecto

380 2204 669 2258 oboriatur.
748 2206 1084 2274 Quapropter
1120 2210 1212 2261 ubi
1251 2209 1566 2277 hujusmodi
1605 2210 1961 2278 repugnantia
2007 2210 2210 2273 reperi-

382 2310 500 2368 tur,
560 2313 894 2368 provocaturw
931 2310 1143 2360 animus
1195 2308 1259 2359 ad
1313 2306 1548 2372 aliquam
1595 2324 1708 2358 rem
1761 2305 2209 2375 investigandam,

382 2419 485 2466 qua
519 2406 872 2471 repugnantia
895 2386 1159 2458 tollatur:
1200 2425 1335 2471 quae
1376 2404 1591 2471 quidem
1630 2422 1716 2455 res
1749 2404 1842 2456 ubi
1869 2404 1986 2456 sola
2012 2403 2212 2456 discre-

380 2502 595 2562 pantiae
632 2503 992 2554 removendae
1031 2510 1113 2555 est
1151 2511 1308 2570 apta,
1349 2503 1898 2555 eademnecessitate
1936 2508 2020 2554 est
2045 2520 2212 2572 agno·

383 2597 583 2648 scenda
633 2605 792 2664 atque
846 2604 1183 2652 enuntiatum
1233 2604 1438 2666 ipsum,
1491 2617 1524 2650 a
1574 2617 1677 2665 quo
1728 2600 1952 2665 profecti
2000 2591 2213 2652 eramus

383 2696 626 2761 quodque
665 2715 783 2748 cum
825 2716 952 2749 vero
998 2701 1125 2764 quin
1164 2698 1548 2763 concordaret,
1600 2697 1923 2750 dubitationi
1963 2716 2069 2750 non
2110 2698 2215 2750 fuit

383 2792 701 2847 obnoxium.
789 2794 1167 2866 Progredietur
1216 2790 1380 2867 igitur
1432 2802 1617 2848 nostra
1662 2814 1869 2862 quoque
1923 2797 2213 2862 disputatio

385 2892 493 2955 sic,
543 2899 602 2943 ut
639 2896 868 2957 primum
907 2899 1243 2950 enuntiatum
1284 2895 1794 2961 certumbquoddam
1834 2893 2212 2960 exhibeamuS,

386 2989 524 3053 quod
564 3007 749 3043 omnes
788 3010 895 3045 non
931 2998 1140 3060 possint
1178 3014 1285 3047 non
1323 2994 1642 3047 concedere:
1695 2993 1890 3045 deinde
1929 2992 2213 3046 enucleare

384 3088 724 3153 studeamuS‚
778 3092 832 3143 id
881 3095 1056 3159 ipsum
1105 3092 1225 3145 tolli
1263 3093 1351 3145 dei
1390 3095 1699 3166 existentia·
1723 3108 1830 3143 non
1865 3108 2121 3144 concessa
2159 3099 2214 3144 et

385 3186 587 3238 exinde
625 3188 1003 3244 concludamus
1042 3194 1398 3245 necessariam
1432 3209 1552 3244 esse
1585 3192 1672 3243 dei
1699 3176 2029 3242 existentiae
2059 3191 2212 3259 agni·

384 3286 606 3337 tionem.
680 3288 801 3341 Erit
851 3307 976 3359 ergo
1026 3292 1372 3343 ratiocinatio
1423 3296 1605 3342 nostra
1657 3288 2211 3359 apagogica·ideoque

386 3383 544 3433 modo
581 3388 800 3438 omnino
835 3394 982 3440 recte
1018 3406 1077 3440 se
1115 3388 1330 3455 habeat,
1371 3388 1810 3441 demonstrativa.
1849 3422 1911 3427 ——
1953 3387 2060 3440 Sed
2085 3403 2210 3439 con-

389 3481 646 3533 vertimus
686 3501 782 3534 nos
821 3486 886 3536 ad
924 3505 1036 3539 rem
1077 3490 1264 3553 ipsam.
