2346 3912
917 288 992 297 „m
1090 259 1159 309 17
1257 286 1333 294 ..-

212 412 269 458 at
308 411 452 458 certe
490 405 844 457 demonstrari
885 422 986 456 non
1019 421 1177 470 posse
1201 405 1343 455 inter
1366 417 1551 454 omnes
1578 402 1692 453 fere
1719 402 1880 456 hodie
1904 422 2029 456 con-

213 506 381 577 venit,
455 501 640 568 Neque
680 503 821 553 enim
863 501 1009 554 solus
1038 499 1296 553 KANTms
1325 501 1468 568 (crit.
1499 515 1663 564 purae
1690 507 1789 552 rat.
1820 519 1871 566 p.
1905 506 2028 554 667.

211 600 400 666 alibi),
452 601 540 665 qui
590 601 755 650 totius
795 598 957 668 hujus
997 602 1193 651 erroris
1235 600 1337 651 etsi
1379 615 1485 649 non
1523 603 1703 662 pater,
1742 602 1798 647 at
1835 613 2027 662 propa-

211 707 363 768 gator
402 702 483 748 est
520 698 900 763 gravissimus,
940 699 993 747 in
1033 698 1353 747 sententiam
1384 697 1543 747 istam
1571 693 1705 745 abiit
1736 694 1806 759 ‘'),
1843 711 2025 745 verum

213 793 593 847 Dnomscums
630 795 794 844 etiam
832 793 890 861 (l.
921 812 965 845 c.
997 812 1047 858 p.
1084 796 1220 858 188.)
1263 800 1421 858 atque
1460 793 1678 842 omnino
1715 789 1874 860 longe
1911 790 2027 856 plu-

210 893 335 943 rimi
372 895 527 942 caute
566 891 900 960 distinguunt
936 893 1076 941 inter
1115 890 1514 953 persuasionem
1546 887 1651 939 fide
1676 887 2026 954 comprehen-

209 1005 323 1041 sam
373 994 427 1039 et
476 986 854 1052 theoreticam,
916 994 1071 1053 atque
1133 986 1268 1036 adeo
1326 991 1551 1038 noxiam
1616 985 1849 1037 futuram
1910 1004 2028 1036 esse

209 1085 689 1138 demonstrativam
725 1101 819 1149 pro
859 1084 946 1134 dei
994 1084 1289 1135 existentia
1328 1084 1844 1154 argumentationem
1885 1082 2026 1133 arbi-

207 1189 434 1235 trantur.
507 1179 591 1231 De
631 1199 732 1247 qua
770 1183 1067 1246 posteriore
1104 1182 1372 1232 sententia
1407 1179 1529 1246 quid
1569 1178 1907 1231 statuendum
1945 1181 2026 1230 vi-

209 1279 430 1343 deatur,
469 1295 602 1328 mox
641 1278 948 1330 viderimus.
1026 1278 1183 1340 Quod
1234 1284 1411 1329 autem
1463 1277 1529 1327 ad
1575 1275 1751 1327 locum
1790 1277 2023 1341 priorem

163 1358 174 1371 ⁸
207 1379 432 1439 attinet,
484 1372 583 1424 hoc
631 1382 756 1426 ante
796 1380 975 1427 omnia
1014 1377 1341 1438 monuerim,
1391 1393 1475 1425 me
1513 1373 1921 1438 haudquaquam
1957 1373 2025 1424 ab

207 1472 506 1524 HERBAR'rr
535 1474 802 1523 sententia
823 1471 1202 1540 (DRomscmo
1228 1487 1435 1536 quoque
1457 1468 1682 1534 probata
1707 1467 1744 1519 l.
1760 1487 1804 1520 c.
1820 1487 1870 1534 p.
1892 1470 2026 1536 124.)

208 1569 369 1635 plane
409 1570 723 1634 dissentire,
764 1572 854 1636 qui
893 1572 948 1621 in
985 1566 1218 1634 metaph.
1255 1566 1278 1617 1
1331 1585 1382 1632 p.
1417 1570 1534 1619 107.
1576 1564 1662 1616 his
1698 1567 1868 1616 utitur
1905 1583 2026 1617 ver—

208 1667 320 1719 bis:
360 1667 488 1732 „JV
484 1684 545 1718 er
583 1671 1009 1736 einiger-massere
1047 1670 1210 1717 einen
1235 1664 1472 1733 BegraJff
1498 1679 1602 1715 von
1631 1662 1730 1714 der
1756 1661 2026 1728 Beschas-

186 1763 423 1830 fenheit
446 1764 636 1816 des-sen
658 1762 772 1827 leat,
795 1782 904 1815 was
928 1781 1050 1816 man
1081 1760 1435 1814 menschlz·che
1450 1759 1812 1812 Erkenntm'es
1836 1768 2023 1822 neunt,

201 1863 302 1914 der
351 1867 536 1927 weiss,
586 1860 712 1911 dass
762 1866 886 1912 elne
934 1878 1123 1931 grosse
1172 1856 1758 1911 Wahrscheinle'chkeit
1814 1856 2033 1908 &berall

199 1959 415 2010 starker
452 1956 565 2008 und
599 1957 910 2009 niitzlicber
946 1963 1038 2022 ist,
1081 1958 1164 2007 als
1201 1955 1299 2006 das
1336 1962 1562 2023 strenge
1600 1953 1819 2005 Wiseen
1844 1953 2026 2005 selbst.

202 2053 367 2106 Dema
414 2071 597 2122 geg-en
638 2055 799 2121 jedes
850 2055 928 2106 W
921 2060 1066 2106 insen
1111 2055 1290 2104 Iassen
1345 2050 1460 2102 εἰεΙι
1499 2050 1740 2115 Ζιοεξῖεῖ
1771 2050 2023 2115 erheben,

204 2151 296 2203 die
323 2149 526 2218 jedoclt-
567 2155 760 2202 millen
800 2156 870 2202 im
903 2150 1093 2203 Leben
1128 2168 1237 2220 gar
1271 2147 1423 2201 nicht
1464 2146 1717 2198 beachtet
1751 2148 2025 2200 werden.“

204 2246 345 2298 Huic
382 2246 597 2312 quidem
637 2250 935 2299 sententiae
976 2267 1073 2299 nos
1111 2266 1217 2299 non
1265 2238 1766 2310 subscripserimus,
1817 2252 1874 2295 et
1920 2247 2024 2295 nisi

205 2345 386 2395 omnia
421 2361 504 2394 me
542 2341 769 2406 fallunt,
817 2346 882 2395 in·
920 2347 1100 2410 aprico
1154 2350 1267 2408 est,
1319 2361 1413 2394 cur
1449 2341 1516 2392 ab
1556 2359 1619 2393 ea
1660 2341 2026 2392 discordemus

205 2446 476 2506 oporteat:
517 2445 663 2489 certa
691 2442 939 2490 nimirum
970 2441 1247 2503 persuasio
1277 2444 1514 2503 praestat
1543 2439 1837 2488 maximam
1867 2436 2028 2503 longe

205 2544 408 2604 part-em
449 2553 555 2587 non
595 2536 715 2586 dico
756 2538 999 2587 veritatis
1046 2536 1224 2586 studio
1275 2533 1466 2600 (probo
1507 2535 1649 2584 enim
1693 2535 2028 2584 notissimum

203 2632 338 2685 illud
378 2632 665 2684 Lussmon
706 2632 933 2696 dictum)
971 2633 1064 2684 sed
1106 2634 1220 2683 veri
1251 2630 1633 2693 similitudini,
1684 2633 1740 2681 in
1789 2647 1892 2695 qua
1939 2647 2027 2680 ac·

204 2731 584 2797 quiescendum
623 2730 881 2781 videmus.
956 2730 1119 2794 Atqui
1149 2731 1430 2780 verissime
1458 2731 1530 2779 ita
1557 2730 1731 2795 pergit
1750 2726 2020 2778 'Haunia-

203 2844 343 2880 rus:
381 2826 537 2892 „Die
570 2833 848 2894 strengste
872 2824 1340 2887 Demonstration,
1380 2823 1572 2874 enbald
1598 2828 1679 2874 sie
1704 2823 1906 2891 liiuger
1931 2826 2027 2883 iet,

204 2926 287 2976 als
325 2924 450 2975 dass
486 2928 568 2974 eie
603 2927 701 2974 mit
741 2927 913 2973 einem
955 2922 1140 2974 Blz'cke
1177 2919 1504 2973 v‘c‘bereckaut
1555 2918 1772 2972 werden
1808 2919 2025 2980 Ιεόηφιῖε,

204 3020 399 3086 Iiesert
426 3038 524 3073 nm
546 3036 650 3072 nur
686 3016 1287 3080 Wakrsclaeeinliclekeit‚
1314 3018 1441 3069 weil
1460 3023 1562 3069 wir
1585 3033 1685 3069 nm
1710 3013 1839 3067 sehr
1860 3012 2031 3066 letch't

203 3123 276 3171 im
326 3115 597 3170 Verdacht
647 3115 822 3168 haben
868 3117 1109 3178 konnen,
1160 3114 1440 3183 irgendwo
1479 3120 1539 3166 c‘n
1576 3114 1676 3165 der
1716 3112 1890 3164 Kette
1930 3111 2027 3162 der

208 3212 460 3266 Schlilne
496 3218 658 3266 einen
690 3210 897 3267 Feltler
931 3213 1252 3280 zugelaueu
1289 3229 1358 3264 zu
1395 3210 1641 3265 haben.“
1715 3207 2025 3275 Amplector

321 3445 369 3504 *)
412 3447 470 3489 cf.
508 3446 599 3499 jam
642 3448 774 3490 Clcm.
819 3449 941 3494 Alex,
991 3448 1141 3490 strom.
1177 3448 1227 3493 V.
1276 3461 1318 3502 p.
1363 3449 1463 3491 588.
1516 3446 1629 3491 θεὸς
1673 3443 1754 3487 οὐκ
1801 3441 2026 3502 ἐπιστήμῃ

203 3514 497 3572 λαμβάνεται
527 3522 584 3576 τῇ
615 3515 937 3577 ἀποδεικτικῇ.
968 3543 1023 3550 -

1640 3607 1671 3651 2
