2346 3912
1093 247 1510 298 *20—

393 398 773 451 conscientiam
812 399 906 446 aut
945 390 1311 443 immediatam
1350 396 1443 443 aut
1479 390 1786 454 mediatam,
1826 396 1985 456 atque
2014 395 2222 456 quoties

392 497 587 560 telam,
628 510 786 559 quam
814 492 998 543 exorsi
1026 488 1244 552 fuimus,
1284 491 1387 541 rite
1413 491 1865 555 pertexuerimuS,
1906 494 1960 541 et
1989 491 2224 558 cogitata

309 623 321 631 ·
394 602 616 647 naturae
654 589 864 658 legibus
903 592 1254 651 attemperate
1291 588 1780 652 circumspecteque
1811 594 2222 655 coagmentave-

391 698 589 756 rimuS‚
629 689 832 741 laboris
871 683 1144 738 exantlati
1180 686 1418 750 praemio
1460 702 1556 736 nos
1596 702 1703 736 non
1741 684 2117 738 defraudatum
2157 687 2225 738 iri

394 807 608 857 sperare
646 787 794 838 licet.
871 785 931 837 Si
970 783 1101 835 deus
1140 790 1224 835 est
1261 786 1414 849 isque
1458 782 1610 834 nobis
1651 788 1758 834 est:
1813 786 2103 853 imaginem
2142 786 2225 836 sui

391 891 558 954 ipsius
595 880 961 951 repercussam
1000 885 1055 934 in
1095 881 1292 933 mundo
1329 880 1699 944 adumbravit,
1742 889 1795 933 et
1822 883 1877 932 in
1904 884 1972 933 iis
2002 888 2224 934 naturae

394 985 602 1055 legibus
652 984 955 1048 expressit,
1008 997 1139 1046 quas
1191 980 1514 1030 necessitate
1568 978 1711 1029 ducti
1763 981 2004 1043 interna,
2065 998 2225 1046 quum

393 1085 632 1133 omnium
671 1082 1026 1147 cogitatorum
1059 1078 1317 1143 junctura
1341 1073 1715 1139 amplectimur
1741 1082 1856 1127 tum
1885 1076 2073 1128 eodem
2097 1079 2225 1146 jure

393 1185 450 1233 in
489 1181 657 1245 ipsius
698 1177 919 1227 notione
967 1180 1060 1224 aut
1110 1172 1488 1224 constituenda
1537 1171 1591 1224 e't
1628 1174 1969 1242 agnoscenda
2005 1182 2097 1228 aut
2131 1175 2224 1228 ab·

398 1276 642 1346 neganda
680 1275 993 1325 retinemus.
1069 1270 1387 1338 Priusquam
1439 1270 1662 1336 pedibus
1700 1272 1780 1322 uti
1819 1277 2093 1338 vetemur,
2146 1280 2228 1326 est

395 1394 488 1428 cur
527 1372 873 1434 ostendatur,
925 1369 1051 1434 quid
1087 1369 1192 1434 sit,
1246 1369 1593 1435 quamobrem
1630 1369 1878 1421 incedere
1917 1387 2024 1421 non
2062 1369 2228 1423 liceat

395 1493 492 1525 nec
542 1471 703 1521 bodie
753 1466 915 1518 facile
967 1468 1245 1532 quisquam
1297 1465 1402 1516 sibi
1450 1466 1823 1530 persuadebit,
1872 1485 1967 1532 per
2016 1466 2225 1520 Kmm

395 1570 719 1622 antinomias
760 1565 814 1615 id
855 1567 1333 1615 commonstratum
1372 1579 1509 1614 esse.
1589 1563 1794 1615 Verum
1825 1569 1969 1616 totus
1995 1567 2098 1618 iste
2122 1567 2226 1617 viri

393 1668 573 1734 magni
623 1680 770 1715 error
824 1662 1107 1725 praecipue
1161 1679 1190 1712 e
1242 1678 1435 1712 manca
1488 1663 1609 1730 ejus
1664 1669 1718 1713 et
1765 1681 1928 1728 prava
1980 1664 2225 1716 doctrina

393 1762 774 1831 psychologica
826 1765 908 1809 est
956 1758 1214 1810 oriundus
1265 1766 1319 1812 et
1367 1778 1485 1811 cum
1535 1759 1635 1811 hac
1683 1763 1801 1827 ipsa
1838 1760 1927 1814 vel
1967 1761 2225 1828 explosus

392 1858 476 1911 vel
523 1858 738 1911 tandem
781 1855 1068 1923 aliquando
1107 1856 1498 1922 explodendus.
2052 1843 2061 1846 ,

537 1955 687 2007 Bono
737 1955 902 2023 igitur
953 1955 1134 2004 animo
1185 1953 1254 2004 ad
1301 1956 1670 2020 quaestionem
1720 1955 1873 2008 nobis
1922 1962 2225 2021 susceptam

392 2053 788 2124 aggrediamur.
863 2050 987 2103 Non
1041 2058 1249 2102 tantum
1305 2051 1372 2102 ad
1423 2049 1554 2102 fidei
1606 2052 1981 2105 deductionem
2036 2070 2223 2106 verum

392 2153 591 2215 etiam,
648 2149 913 2214 siquidem
962 2151 1107 2201 veris
1155 2150 1411 2200 initemur
1450 2153 1757 2216 principiiS,
1810 2157 1865 2203 et
1901 2153 1958 2203 in
1995 2150 2223 2221 singulis

391 2264 670 2299 sensorum
710 2248 1052 2298 contexturis
1094 2253 1239 2296 recte
1276 2246 1636 2313 versabimur,
1677 2249 1744 2299 ad
1773 2250 2103 2300 existentiae
2134 2250 2221 2300 dei

391 2345 901 2396 demonstrationem
941 2343 1216 2407 adspirare
1253 2342 1455 2395 licebit.
1531 2344 1684 2406 Quae
1722 2363 1844 2411 spes
1882 2345 1974 2398 ubi
2015 2364 2108 2398 nos
2138 2347 2218 2398 se-

390 2440 594 2493 fellerit
622 2447 678 2492 et
703 2442 1033 2509 argumentis
1061 2440 1272 2491 idoneis
1298 2440 1366 2492 ad
1390 2441 1620 2494 nihilum
1648 2445 1751 2494 erit
1774 2444 2022 2507 redacta,
2063 2462 2220 2496 nemo

390 2540 668 2603 quisquam
720 2538 877 2588 nobis
927 2540 1222 2603 promptior
1273 2540 1377 2590 erit
1425 2540 1495 2590 ad
1549 2558 1786 2594 errorem
1835 2540 2217 2595 confitendum.

388 2633 561 2687 Nemo
602 2635 766 2699 enim,
807 2635 897 2700 qui
935 2635 1129 2698 sapiat,
1166 2632 1369 2698 publici
1402 2636 1546 2703 juris
1586 2637 1733 2703 facit,
1774 2657 1908 2705 quae
1946 2642 2218 2692 invenisse

389 2731 493 2783 sibi
538 2730 770 2795 videtur,
810 2733 917 2782 nisi
954 2737 1014 2783 ut
1053 2738 1146 2783 aut
1183 2732 1368 2785 doceat
1401 2739 1495 2786 aut
1533 2734 1814 2788 doceatur.
1890 2735 2002 2789 Nec
2035 2744 2217 2789 tamen

388 2826 695 2894 perturbari
745 2847 840 2880 nos
887 2830 1156 2894 patiemur
1203 2829 1504 2883 honorifico
1544 2824 1642 2883 ill'o
1678 2835 2024 2898 testimonio,
2076 2835 2217 2901 quod

387 2924 646 2978 Knvrms
686 2926 829 2994 (crit.
857 2931 959 2978 rat.
987 2931 1156 2991 praet.
1187 2945 1239 2992 p.
1261 2932 1395 2980 264.
1423 2935 1477 2980 et
1504 2934 1624 2983 265.
1666 2931 1792 2983 edit.
1821 2933 1901 3000 4.)
1940 2939 1995 2985 et
2032 2931 2214 2985 Dnon.

388 3022 451 3090 (l.
492 3042 535 3074 c.
574 3041 624 3087 p.
669 3025 812 3090 187.)
853 3024 920 3075 de
960 3026 1195 3090 ipsorum
1225 3023 1563 3080 'confidentia
1602 3030 1785 3081 mundi
1823 3032 1927 3083 rite
1966 3031 2215 3083 adornati

388 3120 753 3185 prodiderunt.
843 3120 1143 3188 Repulsant
1187 3125 1331 3176 enim
1379 3131 1601 3194 uterque
1652 3128 2023 3194 opprobrium,
2076 3129 2212 3195 quod

384 3217 486 3268 deo
539 3235 614 3270 ex
660 3236 850 3270 manca
900 3222 1020 3288 ejus
1071 3227 1254 3274 nostra
1293 3226 1597 3292 cognitione
1635 3228 1807 3290 possit
1844 3228 2064 3292 enasci,
2117 3228 2213 3293 ita,

383 3320 443 3366 ut
466 3332 562 3380 per
586 3313 901 3369 firmitatem
928 3316 1094 3387 hujus
1122 3324 1487 3386 persuasionis
1513 3321 2012 3391 demonstrativam,
2045 3327 2211 3377 vitam

384 3409 596 3478 legibus
647 3414 848 3468 divinis
909 3419 1368 3473 accommodatam
1418 3438 1463 3474 s.
1515 3419 1776 3472 moralem
1829 3424 2001 3490 magis
2049 3422 2210 3474 incidi

391 3507 719 3563 contendant
764 3530 923 3578 quam
971 3513 1243 3583 adjuvari.
1327 3516 1543 3570 Etenim
1594 3518 1830 3571 futurum
1885 3536 2032 3584 esse,
2087 3536 2206 3585 per·
