<?xml version="1.0" encoding="UTF-8"?>
<!DOCTYPE html PUBLIC "-//W3C//DTD XHTML 1.0 Transitional//EN"
    "http://www.w3.org/TR/xhtml1/DTD/xhtml1-transitional.dtd">
<html xmlns="http://www.w3.org/1999/xhtml" xml:lang="en" lang="en">
 <head>
  <title>
</title>
<meta http-equiv="Content-Type" content="text/html;charset=utf-8" />
  <meta name='ocr-system' content='tesseract 3.04.00' />
  <meta name='ocr-capabilities' content='ocr_page ocr_carea ocr_par ocr_line ocrx_word'/>
</head>
<body>
  <div class='ocr_page' id='page_1' title='image "./novaargumentorum00fric_0036.png"; bbox 0 0 2346 3912; ppageno 0'>
   <div class='ocr_carea' id='block_1_1' title="bbox 1061 211 1482 264">
    <p class='ocr_par' dir='ltr' id='par_1_1' title="bbox 1061 211 1482 264">
     <span class='ocr_line' id='line_1_1' title="bbox 1061 211 1482 264; baseline 0.007 -15"><span class='ocrx_word' id='word_1_1' title='bbox 1061 211 1482 264; x_wconf 72' lang='lat'>-32—</span> 
     </span>
    </p>
   </div>
   <div class='ocr_carea' id='block_1_2' title="bbox 348 355 2191 2473">
    <p class='ocr_par' dir='ltr' id='par_1_2' title="bbox 350 355 2191 1595">
     <span class='ocr_line' id='line_1_2' title="bbox 355 355 2184 427; baseline 0.001 -19"><span class='ocrx_word' id='word_1_2' title='bbox 355 358 424 423; x_wconf 90' lang='grc'>1.)</span> <span class='ocrx_word' id='word_1_3' title='bbox 464 356 602 408; x_wconf 87' lang='lat' dir='ltr'>alios</span> <span class='ocrx_word' id='word_1_4' title='bbox 627 356 673 425; x_wconf 65' lang='lat'>¹²)</span> <span class='ocrx_word' id='word_1_5' title='bbox 714 359 875 409; x_wconf 87' lang='lat' dir='ltr'>etiam</span> <span class='ocrx_word' id='word_1_6' title='bbox 916 355 1269 409; x_wconf 85' lang='lat' dir='ltr'>Benthamius</span> <span class='ocrx_word' id='word_1_7' title='bbox 1322 356 1708 426; x_wconf 83' lang='lat' dir='ltr'>(Deontologia</span> <span class='ocrx_word' id='word_1_8' title='bbox 1747 355 1887 407; x_wconf 88' lang='lat' dir='ltr'>edid.</span> <span class='ocrx_word' id='word_1_9' title='bbox 1931 356 2184 427; x_wconf 81' lang='lat' dir='ltr'>Bowring</span> 
     </span>
     <span class='ocr_line' id='line_1_3' title="bbox 355 453 2182 521; baseline -0.001 -15"><span class='ocrx_word' id='word_1_10' title='bbox 355 474 405 520; x_wconf 88' lang='lat' dir='ltr'>p.</span> <span class='ocrx_word' id='word_1_11' title='bbox 446 453 483 504; x_wconf 86' lang='grc' dir='ltr'>Ι.</span> <span class='ocrx_word' id='word_1_12' title='bbox 526 457 730 521; x_wconf 88' lang='grc'><strong>1834.).</strong></span> <span class='ocrx_word' id='word_1_13' title='bbox 807 456 950 519; x_wconf 84' lang='lat' dir='ltr'>Quid</span> <span class='ocrx_word' id='word_1_14' title='bbox 991 454 1128 521; x_wconf 86' lang='lat' dir='ltr'>quod</span> <span class='ocrx_word' id='word_1_15' title='bbox 1167 454 1303 506; x_wconf 82' lang='lat' dir='ltr'>adeo</span> <span class='ocrx_word' id='word_1_16' title='bbox 1342 453 1693 520; x_wconf 89' lang='lat' dir='ltr'>Ammonius,</span> <span class='ocrx_word' id='word_1_17' title='bbox 1735 456 1979 521; x_wconf 81' lang='lat' dir='ltr'>quamvis</span> <span class='ocrx_word' id='word_1_18' title='bbox 2020 453 2182 504; x_wconf 73' lang='lat' dir='ltr'>vehe-</span> 
     </span>
     <span class='ocr_line' id='line_1_4' title="bbox 355 551 2184 622; baseline 0 -19"><span class='ocrx_word' id='word_1_19' title='bbox 355 559 562 604; x_wconf 84' lang='lat' dir='ltr'>menter</span> <span class='ocrx_word' id='word_1_20' title='bbox 617 551 740 605; x_wconf 89' lang='lat' dir='ltr'>huic</span> <span class='ocrx_word' id='word_1_21' title='bbox 789 555 1087 605; x_wconf 89' lang='lat' dir='ltr'>sententiae</span> <span class='ocrx_word' id='word_1_22' title='bbox 1139 551 1264 604; x_wconf 87' lang='lat' dir='ltr'>aliis</span> <span class='ocrx_word' id='word_1_23' title='bbox 1304 552 1439 604; x_wconf 91' lang='lat' dir='ltr'>locis</span> <span class='ocrx_word' id='word_1_24' title='bbox 1475 554 1807 622; x_wconf 82' lang='lat' dir='ltr'><strong>refragetur,</strong></span> <span class='ocrx_word' id='word_1_25' title='bbox 1860 555 1913 603; x_wconf 90' lang='lat' dir='ltr'>in</span> <span class='ocrx_word' id='word_1_26' title='bbox 1951 551 2184 603; x_wconf 81' lang='lat' dir='ltr'>similem</span> 
     </span>
     <span class='ocr_line' id='line_1_5' title="bbox 354 648 2187 719; baseline 0.001 -18"><span class='ocrx_word' id='word_1_27' title='bbox 354 668 588 702; x_wconf 89' lang='lat' dir='ltr'>errorem</span> <span class='ocrx_word' id='word_1_28' title='bbox 642 648 835 700; x_wconf 87' lang='lat' dir='ltr'>incidit</span> <span class='ocrx_word' id='word_1_29' title='bbox 886 648 1084 716; x_wconf 83' lang='lat' dir='ltr'>(ethic.</span> <span class='ocrx_word' id='word_1_30' title='bbox 1125 648 1166 701; x_wconf 88' lang='grc' dir='ltr'>Ι.</span> <span class='ocrx_word' id='word_1_31' title='bbox 1217 669 1264 716; x_wconf 89' lang='lat' dir='ltr'>p.</span> <span class='ocrx_word' id='word_1_32' title='bbox 1307 656 1409 703; x_wconf 81' lang='lat'>262</span> <span class='ocrx_word' id='word_1_33' title='bbox 1449 654 1608 719; x_wconf 88' lang='lat' dir='ltr'>seq.).</span> <span class='ocrx_word' id='word_1_34' title='bbox 1694 650 1996 719; x_wconf 86' lang='lat' dir='ltr'>Distinguit</span> <span class='ocrx_word' id='word_1_35' title='bbox 2044 653 2187 702; x_wconf 87' lang='lat' dir='ltr'>enim</span> 
     </span>
     <span class='ocr_line' id='line_1_6' title="bbox 353 746 2185 813; baseline 0.001 -15"><span class='ocrx_word' id='word_1_36' title='bbox 353 750 496 798; x_wconf 88' lang='lat' dir='ltr'>inter</span> <span class='ocrx_word' id='word_1_37' title='bbox 533 748 831 812; x_wconf 88' lang='lat' dir='ltr'>rationem,</span> <span class='ocrx_word' id='word_1_38' title='bbox 884 765 1018 813; x_wconf 89' lang='lat' dir='ltr'>quae</span> <span class='ocrx_word' id='word_1_39' title='bbox 1059 746 1284 800; x_wconf 88' lang='lat' dir='ltr'>definiat</span> <span class='ocrx_word' id='word_1_40' title='bbox 1338 751 1454 801; x_wconf 88' lang='lat' dir='ltr'>sive</span> <span class='ocrx_word' id='word_1_41' title='bbox 1507 751 1800 800; x_wconf 84' lang='lat' dir='ltr'>constituat</span> <span class='ocrx_word' id='word_1_42' title='bbox 1850 748 2185 800; x_wconf 84' lang='lat' dir='ltr'>voluntatem</span> 
     </span>
     <span class='ocr_line' id='line_1_7' title="bbox 354 846 2185 911; baseline 0.001 -16"><span class='ocrx_word' id='word_1_43' title='bbox 354 851 407 896; x_wconf 88' lang='lat' dir='ltr'>et</span> <span class='ocrx_word' id='word_1_44' title='bbox 446 862 580 910; x_wconf 83' lang='lat' dir='ltr'>quae</span> <span class='ocrx_word' id='word_1_45' title='bbox 620 853 864 911; x_wconf 87' lang='lat' dir='ltr'>moveat,</span> <span class='ocrx_word' id='word_1_46' title='bbox 910 849 1099 911; x_wconf 90' lang='lat' dir='ltr'>quippe</span> <span class='ocrx_word' id='word_1_47' title='bbox 1138 846 1374 899; x_wconf 87' lang='lat' dir='ltr'>utilitate</span> <span class='ocrx_word' id='word_1_48' title='bbox 1412 849 1468 898; x_wconf 88' lang='lat' dir='ltr'>in</span> <span class='ocrx_word' id='word_1_49' title='bbox 1512 864 1727 898; x_wconf 88' lang='lat' dir='ltr'>sensum</span> <span class='ocrx_word' id='word_1_50' title='bbox 1766 853 1987 911; x_wconf 84' lang='lat' dir='ltr'>vocata,</span> <span class='ocrx_word' id='word_1_51' title='bbox 2029 862 2185 911; x_wconf 85' lang='lat' dir='ltr'>quam</span> 
     </span>
     <span class='ocr_line' id='line_1_8' title="bbox 353 942 2191 1013; baseline 0 -20"><span class='ocrx_word' id='word_1_52' title='bbox 353 959 429 994; x_wconf 86' lang='lat' dir='ltr'>ex</span> <span class='ocrx_word' id='word_1_53' title='bbox 477 944 688 994; x_wconf 87' lang='lat' dir='ltr'>actione</span> <span class='ocrx_word' id='word_1_54' title='bbox 750 942 930 1008; x_wconf 85' lang='lat' dir='ltr'>aliqua</span> <span class='ocrx_word' id='word_1_55' title='bbox 990 961 1205 1007; x_wconf 88' lang='lat' dir='ltr'>sperare</span> <span class='ocrx_word' id='word_1_56' title='bbox 1267 943 1431 996; x_wconf 88' lang='lat' dir='ltr'>liceat</span> <span class='ocrx_word' id='word_1_57' title='bbox 1498 944 2019 1013; x_wconf 73' lang='lat' dir='ltr'>(‚,Bestimmung2-</span> <span class='ocrx_word' id='word_1_58' title='bbox 2077 942 2191 995; x_wconf 79' lang='lat' dir='ltr'>und</span> 
     </span>
     <span class='ocr_line' id='line_1_9' title="bbox 353 1039 2187 1109; baseline -0.001 -17"><span class='ocrx_word' id='word_1_59' title='bbox 353 1039 963 1109; x_wconf 74' lang='lat' dir='ltr'>Bewegungsgrund“).</span> <span class='ocrx_word' id='word_1_60' title='bbox 1043 1039 1338 1106; x_wconf 82' lang='lat' dir='ltr'>Utramque</span> <span class='ocrx_word' id='word_1_61' title='bbox 1376 1043 1638 1092; x_wconf 84' lang='lat' dir='ltr'>rationem</span> <span class='ocrx_word' id='word_1_62' title='bbox 1692 1059 1901 1107; x_wconf 85' lang='lat' dir='ltr'>semper</span> <span class='ocrx_word' id='word_1_63' title='bbox 1941 1059 2059 1092; x_wconf 88' lang='lat' dir='ltr'>esse</span> <span class='ocrx_word' id='word_1_64' title='bbox 2097 1058 2187 1091; x_wconf 92' lang='lat' dir='ltr'>co-</span> 
     </span>
     <span class='ocr_line' id='line_1_10' title="bbox 350 1135 2189 1206; baseline -0.001 -18"><span class='ocrx_word' id='word_1_65' title='bbox 350 1136 588 1203; x_wconf 86' lang='lat' dir='ltr'>pulatam</span> <span class='ocrx_word' id='word_1_66' title='bbox 639 1140 715 1188; x_wconf 88' lang='lat' dir='ltr'>ait</span> <span class='ocrx_word' id='word_1_67' title='bbox 760 1136 1098 1189; x_wconf 53' lang='lat' dir='ltr'>Ammonius</span> <span class='ocrx_word' id='word_1_68' title='bbox 1183 1137 1386 1189; x_wconf 89' lang='lat' dir='ltr'>Verum</span> <span class='ocrx_word' id='word_1_69' title='bbox 1441 1155 1759 1203; x_wconf 87' lang='lat' dir='ltr'>quamquam</span> <span class='ocrx_word' id='word_1_70' title='bbox 1797 1135 1959 1206; x_wconf 82' lang='lat' dir='ltr'>vulgo</span> <span class='ocrx_word' id='word_1_71' title='bbox 1999 1153 2189 1188; x_wconf 84' lang='lat' dir='ltr'>revera</span> 
     </span>
     <span class='ocr_line' id='line_1_11' title="bbox 352 1233 2187 1300; baseline -0.001 -14"><span class='ocrx_word' id='word_1_72' title='bbox 352 1238 432 1288; x_wconf 86' lang='lat' dir='ltr'>ita</span> <span class='ocrx_word' id='word_1_73' title='bbox 470 1252 622 1300; x_wconf 90' lang='lat' dir='ltr'>esse,</span> <span class='ocrx_word' id='word_1_74' title='bbox 674 1253 806 1300; x_wconf 87' lang='lat' dir='ltr'>quae</span> <span class='ocrx_word' id='word_1_75' title='bbox 857 1233 1156 1287; x_wconf 87' lang='lat' dir='ltr'>voluntatis</span> <span class='ocrx_word' id='word_1_76' title='bbox 1211 1241 1427 1287; x_wconf 87' lang='lat' dir='ltr'>nostrae</span> <span class='ocrx_word' id='word_1_77' title='bbox 1467 1243 1548 1288; x_wconf 85' lang='lat' dir='ltr'>est</span> <span class='ocrx_word' id='word_1_78' title='bbox 1598 1234 1976 1300; x_wconf 77' lang='lat' dir='ltr'>imbecillitaS‚</span> <span class='ocrx_word' id='word_1_79' title='bbox 2029 1251 2187 1285; x_wconf 84' lang='lat' dir='ltr'>nemo</span> 
     </span>
     <span class='ocr_line' id='line_1_12' title="bbox 352 1331 2186 1402; baseline -0.001 -18"><span class='ocrx_word' id='word_1_80' title='bbox 352 1335 543 1399; x_wconf 89' lang='lat' dir='ltr'>opinor</span> <span class='ocrx_word' id='word_1_81' title='bbox 582 1332 960 1402; x_wconf 83' lang='lat' dir='ltr'>abnegaverit3</span> <span class='ocrx_word' id='word_1_82' title='bbox 999 1331 1134 1384; x_wconf 84' lang='lat' dir='ltr'>illud</span> <span class='ocrx_word' id='word_1_83' title='bbox 1171 1339 1353 1385; x_wconf 93' lang='lat' dir='ltr'>tamen</span> <span class='ocrx_word' id='word_1_84' title='bbox 1382 1337 1543 1385; x_wconf 79' lang='lat' dir='ltr'>etiam</span> <span class='ocrx_word' id='word_1_85' title='bbox 1582 1336 1756 1399; x_wconf 87' lang='lat' dir='ltr'>ipsum</span> <span class='ocrx_word' id='word_1_86' title='bbox 1789 1335 1845 1384; x_wconf 89' lang='lat' dir='ltr'>in</span> <span class='ocrx_word' id='word_1_87' title='bbox 1872 1334 2052 1398; x_wconf 88' lang='lat' dir='ltr'>aprico</span> <span class='ocrx_word' id='word_1_88' title='bbox 2084 1338 2186 1396; x_wconf 82' lang='lat' dir='ltr'>est,</span> 
     </span>
     <span class='ocr_line' id='line_1_13' title="bbox 351 1430 2187 1499; baseline -0.002 -15"><span class='ocrx_word' id='word_1_89' title='bbox 351 1430 604 1484; x_wconf 82' lang='lat' dir='ltr'>utilitatis</span> <span class='ocrx_word' id='word_1_90' title='bbox 654 1432 904 1496; x_wconf 85' lang='lat' dir='ltr'>propriae</span> <span class='ocrx_word' id='word_1_91' title='bbox 958 1437 1018 1481; x_wconf 79' lang='lat' dir='ltr'>ut</span> <span class='ocrx_word' id='word_1_92' title='bbox 1061 1435 1330 1499; x_wconf 80' lang='lat' dir='ltr'>propriae</span> <span class='ocrx_word' id='word_1_93' title='bbox 1391 1430 1482 1482; x_wconf 91' lang='lat' dir='ltr'>ubi</span> <span class='ocrx_word' id='word_1_94' title='bbox 1530 1433 1671 1482; x_wconf 86' lang='lat' dir='ltr'>ratio</span> <span class='ocrx_word' id='word_1_95' title='bbox 1724 1430 1962 1495; x_wconf 86' lang='lat' dir='ltr'>ducitur,</span> <span class='ocrx_word' id='word_1_96' title='bbox 2023 1447 2187 1495; x_wconf 84' lang='lat' dir='ltr'>purae</span> 
     </span>
     <span class='ocr_line' id='line_1_14' title="bbox 350 1527 1663 1595; baseline -0.002 -15"><span class='ocrx_word' id='word_1_97' title='bbox 350 1530 567 1581; x_wconf 86' lang='lat' dir='ltr'>virtutis</span> <span class='ocrx_word' id='word_1_98' title='bbox 606 1546 703 1580; x_wconf 91' lang='lat' dir='ltr'>nec</span> <span class='ocrx_word' id='word_1_99' title='bbox 742 1527 922 1579; x_wconf 86' lang='lat' dir='ltr'>volam</span> <span class='ocrx_word' id='word_1_100' title='bbox 964 1545 1060 1578; x_wconf 88' lang='lat' dir='ltr'>nec</span> <span class='ocrx_word' id='word_1_101' title='bbox 1099 1529 1385 1595; x_wconf 87' lang='lat' dir='ltr'>vestiguim</span> <span class='ocrx_word' id='word_1_102' title='bbox 1428 1535 1663 1579; x_wconf 88' lang='lat' dir='ltr'>exstare.</span> 
     </span>
    </p>

    <p class='ocr_par' dir='ltr' id='par_1_3' title="bbox 348 1623 2187 2473">
     <span class='ocr_line' id='line_1_15' title="bbox 492 1623 2186 1690; baseline 0 -14"><span class='ocrx_word' id='word_1_103' title='bbox 492 1623 606 1676; x_wconf 90' lang='lat' dir='ltr'>Nec</span> <span class='ocrx_word' id='word_1_104' title='bbox 646 1624 860 1677; x_wconf 89' lang='lat' dir='ltr'>Novum</span> <span class='ocrx_word' id='word_1_105' title='bbox 891 1623 1303 1676; x_wconf 81' lang='lat' dir='ltr'>Testamentum</span> <span class='ocrx_word' id='word_1_106' title='bbox 1343 1627 1494 1690; x_wconf 83' lang='lat' dir='ltr'>quasi</span> <span class='ocrx_word' id='word_1_107' title='bbox 1524 1623 1591 1676; x_wconf 81' lang='lat' dir='ltr'>ab</span> <span class='ocrx_word' id='word_1_108' title='bbox 1618 1642 1681 1675; x_wconf 89' lang='lat' dir='ltr'>ea</span> <span class='ocrx_word' id='word_1_109' title='bbox 1710 1626 1980 1676; x_wconf 88' lang='lat' dir='ltr'>sententia</span> <span class='ocrx_word' id='word_1_110' title='bbox 2018 1630 2186 1676; x_wconf 85' lang='lat' dir='ltr'>staret</span> 
     </span>
     <span class='ocr_line' id='line_1_16' title="bbox 351 1721 2183 1788; baseline -0.001 -13"><span class='ocrx_word' id='word_1_111' title='bbox 351 1727 407 1775; x_wconf 88' lang='lat' dir='ltr'>in</span> <span class='ocrx_word' id='word_1_112' title='bbox 446 1740 600 1774; x_wconf 90' lang='lat' dir='ltr'>usum</span> <span class='ocrx_word' id='word_1_113' title='bbox 639 1728 820 1788; x_wconf 89' lang='lat' dir='ltr'>potest</span> <span class='ocrx_word' id='word_1_114' title='bbox 858 1723 1060 1773; x_wconf 88' lang='lat' dir='ltr'>vocari.</span> <span class='ocrx_word' id='word_1_115' title='bbox 1149 1721 1393 1774; x_wconf 88' lang='lat' dir='ltr'>Fuerunt</span> <span class='ocrx_word' id='word_1_116' title='bbox 1436 1721 1649 1788; x_wconf 88' lang='lat' dir='ltr'>quidem</span> <span class='ocrx_word' id='word_1_117' title='bbox 1697 1722 1844 1772; x_wconf 90' lang='lat' dir='ltr'>omni</span> <span class='ocrx_word' id='word_1_118' title='bbox 1895 1721 2009 1773; x_wconf 83' lang='lat' dir='ltr'>fere</span> <span class='ocrx_word' id='word_1_119' title='bbox 2046 1728 2183 1774; x_wconf 89' lang='lat' dir='ltr'>tem·</span> 
     </span>
     <span class='ocr_line' id='line_1_17' title="bbox 351 1818 2184 1890; baseline -0.001 -17"><span class='ocrx_word' id='word_1_120' title='bbox 351 1839 498 1888; x_wconf 85' lang='lat' dir='ltr'>pore,</span> <span class='ocrx_word' id='word_1_121' title='bbox 542 1822 631 1886; x_wconf 89' lang='lat' dir='ltr'>qui</span> <span class='ocrx_word' id='word_1_122' title='bbox 659 1820 947 1890; x_wconf 81' lang='lat' dir='ltr'>doctrinae</span> <span class='ocrx_word' id='word_1_123' title='bbox 985 1818 1182 1871; x_wconf 89' lang='lat' dir='ltr'>morali</span> <span class='ocrx_word' id='word_1_124' title='bbox 1218 1821 1274 1870; x_wconf 91' lang='lat' dir='ltr'>in</span> <span class='ocrx_word' id='word_1_125' title='bbox 1307 1818 1460 1871; x_wconf 89' lang='lat' dir='ltr'>Novo</span> <span class='ocrx_word' id='word_1_126' title='bbox 1495 1818 1851 1871; x_wconf 85' lang='lat' dir='ltr'>Testamento</span> <span class='ocrx_word' id='word_1_127' title='bbox 1890 1837 2184 1889; x_wconf 88' lang='lat' dir='ltr'>expressae</span> 
     </span>
     <span class='ocr_line' id='line_1_18' title="bbox 351 1915 2186 1984; baseline -0.001 -15"><span class='ocrx_word' id='word_1_128' title='bbox 351 1916 609 1984; x_wconf 86' lang='lat' dir='ltr'>opprobio</span> <span class='ocrx_word' id='word_1_129' title='bbox 649 1923 955 1983; x_wconf 87' lang='lat' dir='ltr'>verterent,</span> <span class='ocrx_word' id='word_1_130' title='bbox 996 1919 1098 1968; x_wconf 86' lang='lat' dir='ltr'>niti</span> <span class='ocrx_word' id='word_1_131' title='bbox 1136 1935 1254 1968; x_wconf 87' lang='lat' dir='ltr'>eam</span> <span class='ocrx_word' id='word_1_132' title='bbox 1294 1919 1350 1968; x_wconf 91' lang='lat' dir='ltr'>in</span> <span class='ocrx_word' id='word_1_133' title='bbox 1389 1919 1694 1982; x_wconf 80' lang='lat' dir='ltr'>principiiS‚</span> <span class='ocrx_word' id='word_1_134' title='bbox 1733 1924 1792 1969; x_wconf 91' lang='lat' dir='ltr'>ut</span> <span class='ocrx_word' id='word_1_135' title='bbox 1830 1917 2068 1970; x_wconf 87' lang='lat' dir='ltr'>breviter</span> <span class='ocrx_word' id='word_1_136' title='bbox 2103 1915 2186 1968; x_wconf 88' lang='lat' dir='ltr'>lo-</span> 
     </span>
     <span class='ocr_line' id='line_1_19' title="bbox 352 2013 2185 2084; baseline -0.001 -16"><span class='ocrx_word' id='word_1_137' title='bbox 352 2034 517 2082; x_wconf 85' lang='lat' dir='ltr'>quar,</span> <span class='ocrx_word' id='word_1_138' title='bbox 558 2016 853 2084; x_wconf 87' lang='lat' dir='ltr'>egoisticis.</span> <span class='ocrx_word' id='word_1_139' title='bbox 930 2013 1088 2076; x_wconf 83' lang='lat' dir='ltr'>Quod</span> <span class='ocrx_word' id='word_1_140' title='bbox 1115 2021 1176 2066; x_wconf 88' lang='lat' dir='ltr'>ut</span> <span class='ocrx_word' id='word_1_141' title='bbox 1211 2013 1524 2079; x_wconf 85' lang='lat' dir='ltr'>conficiant,</span> <span class='ocrx_word' id='word_1_142' title='bbox 1563 2023 1855 2080; x_wconf 85' lang='lat' dir='ltr'>provocant</span> <span class='ocrx_word' id='word_1_143' title='bbox 1882 2015 1948 2066; x_wconf 86' lang='lat' dir='ltr'>ad</span> <span class='ocrx_word' id='word_1_144' title='bbox 1990 2013 2185 2066; x_wconf 88' lang='lat' dir='ltr'>nubem</span> 
     </span>
     <span class='ocr_line' id='line_1_20' title="bbox 349 2110 2187 2179; baseline -0.002 -12"><span class='ocrx_word' id='word_1_145' title='bbox 349 2133 480 2167; x_wconf 89' lang='lat' dir='ltr'>sane</span> <span class='ocrx_word' id='word_1_146' title='bbox 517 2112 794 2179; x_wconf 89' lang='lat' dir='ltr'>locorum,</span> <span class='ocrx_word' id='word_1_147' title='bbox 836 2115 892 2164; x_wconf 91' lang='lat' dir='ltr'>in</span> <span class='ocrx_word' id='word_1_148' title='bbox 929 2112 1118 2179; x_wconf 87' lang='lat' dir='ltr'>quibus</span> <span class='ocrx_word' id='word_1_149' title='bbox 1156 2114 1513 2178; x_wconf 85' lang='lat' dir='ltr'>praemiorum</span> <span class='ocrx_word' id='word_1_150' title='bbox 1554 2110 1618 2164; x_wconf 89' lang='lat' dir='ltr'>fit</span> <span class='ocrx_word' id='word_1_151' title='bbox 1656 2113 1880 2178; x_wconf 89' lang='lat' dir='ltr'>menti0‚</span> <span class='ocrx_word' id='word_1_152' title='bbox 1920 2130 2054 2178; x_wconf 89' lang='lat' dir='ltr'>quae</span> <span class='ocrx_word' id='word_1_153' title='bbox 2093 2112 2187 2164; x_wconf 84' lang='lat' dir='ltr'>bo-</span> 
     </span>
     <span class='ocr_line' id='line_1_21' title="bbox 350 2207 2180 2277; baseline -0.004 -13"><span class='ocrx_word' id='word_1_154' title='bbox 350 2215 432 2265; x_wconf 89' lang='lat' dir='ltr'>nis</span> <span class='ocrx_word' id='word_1_155' title='bbox 487 2210 776 2277; x_wconf 87' lang='lat' dir='ltr'>aliquando</span> <span class='ocrx_word' id='word_1_156' title='bbox 830 2211 1145 2262; x_wconf 89' lang='lat' dir='ltr'>attributum</span> <span class='ocrx_word' id='word_1_157' title='bbox 1197 2213 1265 2261; x_wconf 87' lang='lat' dir='ltr'>iri</span> <span class='ocrx_word' id='word_1_158' title='bbox 1304 2228 1520 2275; x_wconf 88' lang='lat' dir='ltr'>sperare</span> <span class='ocrx_word' id='word_1_159' title='bbox 1573 2209 1737 2261; x_wconf 88' lang='lat' dir='ltr'>liceat</span> <span class='ocrx_word' id='word_1_160' title='bbox 1785 2228 1836 2261; x_wconf 87' lang='lat' dir='ltr'>v.</span> <span class='ocrx_word' id='word_1_161' title='bbox 1890 2225 1936 2260; x_wconf 86' lang='lat' dir='ltr'>c.</span> <span class='ocrx_word' id='word_1_162' title='bbox 1985 2207 2180 2260; x_wconf 81' lang='lat' dir='ltr'>Matth.</span> 
     </span>
     <span class='ocr_line' id='line_1_22' title="bbox 349 2287 2183 2377; baseline -0.003 -13"><span class='ocrx_word' id='word_1_163' title='bbox 349 2316 413 2377; x_wconf 87' lang='lat'>6,</span> <span class='ocrx_word' id='word_1_164' title='bbox 462 2318 517 2363; x_wconf 90' lang='lat'>4.</span> <span class='ocrx_word' id='word_1_165' title='bbox 569 2314 619 2363; x_wconf 86' lang='lat'>5.</span> <span class='ocrx_word' id='word_1_166' title='bbox 671 2308 807 2360; x_wconf 79' lang='lat' dir='ltr'>Luc.</span> <span class='ocrx_word' id='word_1_167' title='bbox 864 2287 1100 2373; x_wconf 46' lang='lat'><strong>14513.</strong></span> <span class='ocrx_word' id='word_1_168' title='bbox 1153 2311 1235 2358; x_wconf 86' lang='lat'>14.</span> <span class='ocrx_word' id='word_1_169' title='bbox 1288 2305 1484 2358; x_wconf 75' lang='lat' dir='ltr'>Matth.</span> <span class='ocrx_word' id='word_1_170' title='bbox 1541 2312 1636 2369; x_wconf 79' lang='lat'>10,</span> <span class='ocrx_word' id='word_1_171' title='bbox 1670 2312 1756 2358; x_wconf 75' lang='lat'>41,</span> <span class='ocrx_word' id='word_1_172' title='bbox 1811 2311 1896 2358; x_wconf 85' lang='lat'>42.</span> <span class='ocrx_word' id='word_1_173' title='bbox 1949 2305 2079 2358; x_wconf 77' lang='lat' dir='ltr'>Luc.</span> <span class='ocrx_word' id='word_1_174' title='bbox 2131 2310 2183 2371; x_wconf 87' lang='lat'>6,</span> 
     </span>
     <span class='ocr_line' id='line_1_23' title="bbox 348 2402 2184 2473; baseline -0.003 -12"><span class='ocrx_word' id='word_1_175' title='bbox 348 2412 601 2462; x_wconf 84' lang='lat'><strong>20—23.</strong></span> <span class='ocrx_word' id='word_1_176' title='bbox 642 2410 705 2473; x_wconf 85' lang='lat'>6,</span> <span class='ocrx_word' id='word_1_177' title='bbox 743 2410 827 2459; x_wconf 87' lang='grc'>35.</span> <span class='ocrx_word' id='word_1_178' title='bbox 865 2410 951 2459; x_wconf 85' lang='grc'>38.</span> <span class='ocrx_word' id='word_1_179' title='bbox 992 2403 1191 2458; x_wconf 86' lang='lat' dir='ltr'>Matth.</span> <span class='ocrx_word' id='word_1_180' title='bbox 1231 2409 1281 2470; x_wconf 85' lang='lat'>5,</span> <span class='ocrx_word' id='word_1_181' title='bbox 1321 2410 1535 2458; x_wconf 81' lang='lat'><strong>3-12,</strong></span> <span class='ocrx_word' id='word_1_182' title='bbox 1562 2403 1634 2473; x_wconf 82' lang='lat'>**)</span> <span class='ocrx_word' id='word_1_183' title='bbox 1673 2410 1727 2456; x_wconf 90' lang='lat' dir='ltr'>et</span> <span class='ocrx_word' id='word_1_184' title='bbox 1764 2403 2084 2456; x_wconf 77' lang='lat' dir='ltr'>Ammonius</span> <span class='ocrx_word' id='word_1_185' title='bbox 2123 2402 2184 2470; x_wconf 68' lang='lat' dir='ltr'>(l.</span> 
     </span>
    </p>
   </div>
   <div class='ocr_carea' id='block_1_3' title="bbox 350 2625 2185 2821">
    <p class='ocr_par' dir='ltr' id='par_1_4' title="bbox 350 2625 2185 2821">
     <span class='ocr_line' id='line_1_24' title="bbox 469 2625 2185 2688; baseline 0 -17"><span class='ocrx_word' id='word_1_186' title='bbox 469 2629 518 2688; x_wconf 78' lang='grc'>*)</span> <span class='ocrx_word' id='word_1_187' title='bbox 552 2631 610 2671; x_wconf 86' lang='lat' dir='ltr'>cf.</span> <span class='ocrx_word' id='word_1_188' title='bbox 643 2628 854 2670; x_wconf 90' lang='lat' dir='ltr'>Friderici</span> <span class='ocrx_word' id='word_1_189' title='bbox 888 2625 942 2668; x_wconf 89' lang='lat' dir='ltr'>M.</span> <span class='ocrx_word' id='word_1_190' title='bbox 986 2640 1166 2668; x_wconf 89' lang='lat' dir='ltr'>oeuvres</span> <span class='ocrx_word' id='word_1_191' title='bbox 1213 2628 1313 2669; x_wconf 82' lang='lat' dir='ltr'>edit.</span> <span class='ocrx_word' id='word_1_192' title='bbox 1347 2628 1398 2667; x_wconf 89' lang='lat' dir='ltr'>de</span> <span class='ocrx_word' id='word_1_193' title='bbox 1431 2626 1575 2667; x_wconf 86' lang='lat' dir='ltr'>Berlin</span> <span class='ocrx_word' id='word_1_194' title='bbox 1618 2634 1716 2669; x_wconf 87' lang='lat' dir='ltr'>tom.</span> <span class='ocrx_word' id='word_1_195' title='bbox 1749 2629 1801 2669; x_wconf 88' lang='lat'>11.</span> <span class='ocrx_word' id='word_1_196' title='bbox 1834 2642 1872 2682; x_wconf 87' lang='lat' dir='ltr'>p.</span> <span class='ocrx_word' id='word_1_197' title='bbox 1904 2630 2011 2673; x_wconf 82' lang='lat'><strong>289:</strong></span> <span class='ocrx_word' id='word_1_198' title='bbox 2053 2629 2185 2680; x_wconf 73' lang='lat' dir='ltr'>„Die</span> 
     </span>
     <span class='ocr_line' id='line_1_25' title="bbox 351 2697 2185 2752; baseline 0 -8"><span class='ocrx_word' id='word_1_199' title='bbox 351 2699 607 2744; x_wconf 77' lang='lat' dir='ltr'>Selbstliebe</span> <span class='ocrx_word' id='word_1_200' title='bbox 633 2701 693 2740; x_wconf 76' lang='lat' dir='ltr'>ist</span> <span class='ocrx_word' id='word_1_201' title='bbox 724 2700 803 2740; x_wconf 83' lang='lat' dir='ltr'>der</span> <span class='ocrx_word' id='word_1_202' title='bbox 831 2697 1114 2751; x_wconf 75' lang='lat' dir='ltr'>Mittelpunkt</span> <span class='ocrx_word' id='word_1_203' title='bbox 1143 2700 1257 2741; x_wconf 80' lang='lat' dir='ltr'>aller</span> <span class='ocrx_word' id='word_1_204' title='bbox 1295 2698 1547 2752; x_wconf 74' lang='lat' dir='ltr'>Tuyenden:</span> <span class='ocrx_word' id='word_1_205' title='bbox 1591 2710 1722 2740; x_wconf 75' lang='lat' dir='ltr'>unser</span> <span class='ocrx_word' id='word_1_206' title='bbox 1762 2698 1840 2740; x_wconf 79' lang='lat' dir='ltr'>Ich</span> <span class='ocrx_word' id='word_1_207' title='bbox 1870 2699 2002 2742; x_wconf 74' lang='lat' dir='ltr'>bleibt</span> <span class='ocrx_word' id='word_1_208' title='bbox 2032 2701 2185 2744; x_wconf 79' lang='lat' dir='ltr'>immer</span> 
     </span>
     <span class='ocr_line' id='line_1_26' title="bbox 350 2766 1785 2821; baseline -0.004 -5"><span class='ocrx_word' id='word_1_209' title='bbox 350 2775 432 2816; x_wconf 75' lang='lat' dir='ltr'>clas</span> <span class='ocrx_word' id='word_1_210' title='bbox 465 2773 667 2814; x_wconf 76' lang='lat' dir='ltr'>Centrum</span> <span class='ocrx_word' id='word_1_211' title='bbox 697 2781 852 2810; x_wconf 66' lang='lat' dir='ltr'>wasers</span> <span class='ocrx_word' id='word_1_212' title='bbox 883 2766 1191 2821; x_wconf 76' lang='lat' dir='ltr'>Empfindens,</span> <span class='ocrx_word' id='word_1_213' title='bbox 1224 2769 1424 2810; x_wconf 77' lang='lat' dir='ltr'>Deukens</span> <span class='ocrx_word' id='word_1_214' title='bbox 1453 2768 1541 2809; x_wconf 84' lang='lat' dir='ltr'>wnd</span> <span class='ocrx_word' id='word_1_215' title='bbox 1577 2768 1785 2811; x_wconf 80' lang='lat' dir='ltr'>Wollens.</span> 
     </span>
    </p>
   </div>
   <div class='ocr_carea' id='block_1_4' title="bbox 348 2852 2186 3547">
    <p class='ocr_par' dir='ltr' id='par_1_5' title="bbox 348 2852 2186 3547">
     <span class='ocr_line' id='line_1_27' title="bbox 441 2852 2186 2914; baseline -0.001 -16"><span class='ocrx_word' id='word_1_216' title='bbox 441 2854 518 2914; x_wconf 80' lang='grc'>**)</span> <span class='ocrx_word' id='word_1_217' title='bbox 549 2857 680 2908; x_wconf 81' lang='lat' dir='ltr'>Urget</span> <span class='ocrx_word' id='word_1_218' title='bbox 702 2859 828 2894; x_wconf 87' lang='lat' dir='ltr'>totam</span> <span class='ocrx_word' id='word_1_219' title='bbox 853 2854 958 2894; x_wconf 88' lang='lat' dir='ltr'>hanc</span> <span class='ocrx_word' id='word_1_220' title='bbox 982 2866 1070 2894; x_wconf 91' lang='lat' dir='ltr'>rem</span> <span class='ocrx_word' id='word_1_221' title='bbox 1091 2855 1381 2895; x_wconf 83' lang='lat' dir='ltr'>recentissimo</span> <span class='ocrx_word' id='word_1_222' title='bbox 1404 2859 1589 2906; x_wconf 86' lang='lat' dir='ltr'>tempore</span> <span class='ocrx_word' id='word_1_223' title='bbox 1613 2855 1788 2895; x_wconf 83' lang='lat' dir='ltr'>maxime</span> <span class='ocrx_word' id='word_1_224' title='bbox 1812 2854 1993 2906; x_wconf 83' lang='lat' dir='ltr'>Ebeling</span> <span class='ocrx_word' id='word_1_225' title='bbox 2016 2852 2186 2908; x_wconf 73' lang='lat' dir='ltr'>(Kritik</span> 
     </span>
     <span class='ocr_line' id='line_1_28' title="bbox 349 2923 2184 2981; baseline -0.001 -11"><span class='ocrx_word' id='word_1_226' title='bbox 349 2929 520 2971; x_wconf 74' lang='lat' dir='ltr'>christl.</span> <span class='ocrx_word' id='word_1_227' title='bbox 548 2926 892 2968; x_wconf 70' lang='lat' dir='ltr'>Glaubenssiitze</span> <span class='ocrx_word' id='word_1_228' title='bbox 924 2923 1073 2981; x_wconf 79' lang='lat'>1843),</span> <span class='ocrx_word' id='word_1_229' title='bbox 1111 2926 1182 2978; x_wconf 88' lang='lat' dir='ltr'>qui</span> <span class='ocrx_word' id='word_1_230' title='bbox 1207 2925 1457 2977; x_wconf 83' lang='lat' dir='ltr'>religionem</span> <span class='ocrx_word' id='word_1_231' title='bbox 1489 2924 1769 2976; x_wconf 88' lang='lat' dir='ltr'>christianam,</span> <span class='ocrx_word' id='word_1_232' title='bbox 1800 2926 1862 2967; x_wconf 91' lang='lat' dir='ltr'>uti</span> <span class='ocrx_word' id='word_1_233' title='bbox 1885 2937 1975 2966; x_wconf 86' lang='lat' dir='ltr'>eam</span> <span class='ocrx_word' id='word_1_234' title='bbox 2007 2938 2088 2967; x_wconf 86' lang='lat' dir='ltr'>non</span> <span class='ocrx_word' id='word_1_235' title='bbox 2119 2934 2184 2969; x_wconf 81' lang='lat' dir='ltr'>est</span> 
     </span>
     <span class='ocr_line' id='line_1_29' title="bbox 351 2994 2181 3050; baseline -0.002 -9"><span class='ocrx_word' id='word_1_236' title='bbox 351 3005 596 3048; x_wconf 78' lang='lat' dir='ltr'>assecutus,</span> <span class='ocrx_word' id='word_1_237' title='bbox 631 2996 934 3050; x_wconf 87' lang='lat' dir='ltr'>impudentibus</span> <span class='ocrx_word' id='word_1_238' title='bbox 967 2996 1204 3049; x_wconf 88' lang='lat' dir='ltr'>opprobriis</span> <span class='ocrx_word' id='word_1_239' title='bbox 1234 2996 1498 3036; x_wconf 82' lang='lat' dir='ltr'>contaminat.</span> <span class='ocrx_word' id='word_1_240' title='bbox 1559 2994 1809 3036; x_wconf 81' lang='lat' dir='ltr'>Mentionem</span> <span class='ocrx_word' id='word_1_241' title='bbox 1841 2995 1987 3047; x_wconf 84' lang='lat' dir='ltr'>injicio</span> <span class='ocrx_word' id='word_1_242' title='bbox 2025 3002 2181 3039; x_wconf 76' lang='lat' dir='ltr'>tantum</span> 
     </span>
     <span class='ocr_line' id='line_1_30' title="bbox 352 3065 2183 3124; baseline -0.002 -13"><span class='ocrx_word' id='word_1_243' title='bbox 352 3070 470 3122; x_wconf 85' lang='lat' dir='ltr'>ejus,</span> <span class='ocrx_word' id='word_1_244' title='bbox 515 3069 623 3124; x_wconf 90' lang='lat' dir='ltr'>quod</span> <span class='ocrx_word' id='word_1_245' title='bbox 671 3068 722 3108; x_wconf 90' lang='lat' dir='ltr'>ad</span> <span class='ocrx_word' id='word_1_246' title='bbox 765 3072 945 3107; x_wconf 89' lang='lat' dir='ltr'>nostram</span> <span class='ocrx_word' id='word_1_247' title='bbox 978 3067 1263 3120; x_wconf 89' lang='lat' dir='ltr'>quaestionem</span> <span class='ocrx_word' id='word_1_248' title='bbox 1297 3066 1430 3107; x_wconf 80' lang='lat' dir='ltr'>refert</span> <span class='ocrx_word' id='word_1_249' title='bbox 1462 3079 1501 3120; x_wconf 89' lang='lat' dir='ltr'>p.</span> <span class='ocrx_word' id='word_1_250' title='bbox 1534 3065 1611 3109; x_wconf 85' lang='lat'>96:</span> <span class='ocrx_word' id='word_1_251' title='bbox 1664 3065 1798 3116; x_wconf 82' lang='lat' dir='ltr'>„Die</span> <span class='ocrx_word' id='word_1_252' title='bbox 1830 3066 1983 3109; x_wconf 71' lang='lat' dir='ltr'>Mor-al</span> <span class='ocrx_word' id='word_1_253' title='bbox 2017 3066 2183 3109; x_wconf 69' lang='lat' dir='ltr'>cru-im·</span> 
     </span>
     <span class='ocr_line' id='line_1_31' title="bbox 348 3136 2184 3194; baseline -0.001 -11"><span class='ocrx_word' id='word_1_254' title='bbox 348 3143 409 3183; x_wconf 71' lang='lat' dir='ltr'>ist</span> <span class='ocrx_word' id='word_1_255' title='bbox 437 3154 522 3182; x_wconf 81' lang='lat' dir='ltr'>nur</span> <span class='ocrx_word' id='word_1_256' title='bbox 550 3141 597 3181; x_wconf 77' lang='lat' dir='ltr'>in</span> <span class='ocrx_word' id='word_1_257' title='bbox 625 3152 675 3180; x_wconf 79' lang='lat' dir='ltr'>so</span> <span class='ocrx_word' id='word_1_258' title='bbox 706 3142 804 3194; x_wconf 76' lang='lat' dir='ltr'>fem</span> <span class='ocrx_word' id='word_1_259' title='bbox 830 3151 913 3180; x_wconf 76' lang='lat' dir='ltr'>von</span> <span class='ocrx_word' id='word_1_260' title='bbox 945 3139 1023 3180; x_wconf 81' lang='lat' dir='ltr'>der</span> <span class='ocrx_word' id='word_1_261' title='bbox 1045 3136 1278 3194; x_wconf 71' lang='lat' dir='ltr'>jildischen</span> <span class='ocrx_word' id='word_1_262' title='bbox 1307 3136 1589 3191; x_wconf 68' lang='lat' dir='ltr'>distinquirt,</span> <span class='ocrx_word' id='word_1_263' title='bbox 1632 3137 1703 3178; x_wconf 81' lang='lat' dir='ltr'>als</span> <span class='ocrx_word' id='word_1_264' title='bbox 1733 3150 1782 3180; x_wconf 81' lang='lat' dir='ltr'>er</span> <span class='ocrx_word' id='word_1_265' title='bbox 1824 3136 1966 3180; x_wconf 70' lang='lat' dir='ltr'>Vieles</span> <span class='ocrx_word' id='word_1_266' title='bbox 1994 3136 2063 3180; x_wconf 69' lang='lat' dir='ltr'>bis</span> <span class='ocrx_word' id='word_1_267' title='bbox 2094 3150 2184 3181; x_wconf 65' lang='lat' dir='ltr'>zur</span> 
     </span>
     <span class='ocr_line' id='line_1_32' title="bbox 354 3206 2182 3267; baseline -0.002 -14"><span class='ocrx_word' id='word_1_268' title='bbox 354 3209 775 3267; x_wconf 69' lang='lat' dir='ltr'>Unausffilhrbarkeit</span> <span class='ocrx_word' id='word_1_269' title='bbox 804 3211 850 3251; x_wconf 72' lang='lat' dir='ltr'>in</span> <span class='ocrx_word' id='word_1_270' title='bbox 882 3209 953 3251; x_wconf 77' lang='lat' dir='ltr'>die</span> <span class='ocrx_word' id='word_1_271' title='bbox 982 3208 1108 3251; x_wconf 74' lang='lat' dir='ltr'>Hohe</span> <span class='ocrx_word' id='word_1_272' title='bbox 1136 3207 1381 3252; x_wconf 74' lang='lat' dir='ltr'>schraubte.</span> <span class='ocrx_word' id='word_1_273' title='bbox 1441 3207 1528 3250; x_wconf 78' lang='lat' dir='ltr'>Ein</span> <span class='ocrx_word' id='word_1_274' title='bbox 1557 3206 1746 3259; x_wconf 73' lang='lat' dir='ltr'>Bewet‘s,</span> <span class='ocrx_word' id='word_1_275' title='bbox 1780 3209 1887 3250; x_wconf 76' lang='lat' dir='ltr'>dass</span> <span class='ocrx_word' id='word_1_276' title='bbox 1914 3207 2066 3250; x_wconf 69' lang='lat' dir='ltr'>Moses</span> <span class='ocrx_word' id='word_1_277' title='bbox 2094 3208 2182 3250; x_wconf 67' lang='lat' dir='ltr'>viel</span> 
     </span>
     <span class='ocr_line' id='line_1_33' title="bbox 348 3278 2179 3337; baseline -0.003 -12"><span class='ocrx_word' id='word_1_278' title='bbox 348 3281 624 3337; x_wconf 72' lang='lat' dir='ltr'>praktischer</span> <span class='ocrx_word' id='word_1_279' title='bbox 651 3282 724 3322; x_wconf 79' lang='lat' dir='ltr'>als</span> <span class='ocrx_word' id='word_1_280' title='bbox 754 3279 957 3322; x_wconf 74' lang='lat' dir='ltr'>Christus</span> <span class='ocrx_word' id='word_1_281' title='bbox 985 3278 1241 3334; x_wconf 72' lang='lat' dir='ltr'>9ewesen.“</span> <span class='ocrx_word' id='word_1_282' title='bbox 1303 3278 1499 3331; x_wconf 76' lang='lat' dir='ltr'>Egoismo</span> <span class='ocrx_word' id='word_1_283' title='bbox 1540 3284 1628 3320; x_wconf 79' lang='lat' dir='ltr'>tota</span> <span class='ocrx_word' id='word_1_284' title='bbox 1669 3279 1858 3321; x_wconf 84' lang='lat' dir='ltr'>doctrina</span> <span class='ocrx_word' id='word_1_285' title='bbox 1891 3279 2049 3321; x_wconf 77' lang='lat' dir='ltr'>Christi</span> <span class='ocrx_word' id='word_1_286' title='bbox 2090 3291 2179 3321; x_wconf 83' lang='lat' dir='ltr'>mo·</span> 
     </span>
     <span class='ocr_line' id='line_1_34' title="bbox 351 3340 2179 3407; baseline -0.001 -14"><span class='ocrx_word' id='word_1_287' title='bbox 351 3354 455 3393; x_wconf 85' lang='lat' dir='ltr'>ralis</span> <span class='ocrx_word' id='word_1_288' title='bbox 495 3354 663 3394; x_wconf 85' lang='lat' dir='ltr'>videtur</span> <span class='ocrx_word' id='word_1_289' title='bbox 704 3358 992 3407; x_wconf 83' lang='lat' dir='ltr'>superstructa</span> <span class='ocrx_word' id='word_1_290' title='bbox 1046 3364 1142 3393; x_wconf 88' lang='lat' dir='ltr'>esse</span> <span class='ocrx_word' id='word_1_291' title='bbox 1187 3356 1311 3403; x_wconf 85' lang='lat' dir='ltr'>atque</span> <span class='ocrx_word' id='word_1_292' title='bbox 1365 3355 1412 3391; x_wconf 88' lang='lat' dir='ltr'>ut</span> <span class='ocrx_word' id='word_1_293' title='bbox 1455 3349 1694 3401; x_wconf 82' lang='lat' dir='ltr'>garrulitati</span> <span class='ocrx_word' id='word_1_294' title='bbox 1746 3362 1939 3392; x_wconf 87' lang='lat' dir='ltr'>coronam</span> <span class='ocrx_word' id='word_1_295' title='bbox 1985 3340 2179 3405; x_wconf 74' lang='lat' dir='ltr'>imponat,</span> 
     </span>
     <span class='ocr_line' id='line_1_35' title="bbox 351 3420 2183 3475; baseline 0.001 -14"><span class='ocrx_word' id='word_1_296' title='bbox 351 3435 391 3475; x_wconf 85' lang='lat' dir='ltr'>p.</span> <span class='ocrx_word' id='word_1_297' title='bbox 422 3422 493 3465; x_wconf 88' lang='grc'>97.</span> <span class='ocrx_word' id='word_1_298' title='bbox 535 3423 599 3462; x_wconf 87' lang='lat' dir='ltr'>his</span> <span class='ocrx_word' id='word_1_299' title='bbox 644 3424 809 3464; x_wconf 86' lang='lat' dir='ltr'>tandem</span> <span class='ocrx_word' id='word_1_300' title='bbox 847 3424 889 3463; x_wconf 89' lang='lat' dir='ltr'>in</span> <span class='ocrx_word' id='word_1_301' title='bbox 921 3422 1062 3463; x_wconf 88' lang='lat' dir='ltr'>verbis</span> <span class='ocrx_word' id='word_1_302' title='bbox 1099 3422 1355 3475; x_wconf 82' lang='lat' dir='ltr'>acquiescit:</span> <span class='ocrx_word' id='word_1_303' title='bbox 1404 3420 1538 3471; x_wconf 84' lang='lat' dir='ltr'>„Die</span> <span class='ocrx_word' id='word_1_304' title='bbox 1576 3421 1727 3463; x_wconf 73' lang='lat' dir='ltr'>Mor-al</span> <span class='ocrx_word' id='word_1_305' title='bbox 1775 3421 1941 3464; x_wconf 74' lang='lat' dir='ltr'>Christi</span> <span class='ocrx_word' id='word_1_306' title='bbox 1971 3433 2069 3462; x_wconf 75' lang='lat' dir='ltr'>war</span> <span class='ocrx_word' id='word_1_307' title='bbox 2109 3421 2183 3462; x_wconf 70' lang='lat' dir='ltr'>eiu</span> 
     </span>
     <span class='ocr_line' id='line_1_36' title="bbox 351 3490 2180 3547; baseline 0 -15"><span class='ocrx_word' id='word_1_308' title='bbox 351 3491 544 3534; x_wconf 75' lang='lat' dir='ltr'>Produkc</span> <span class='ocrx_word' id='word_1_309' title='bbox 584 3492 661 3533; x_wconf 80' lang='lat' dir='ltr'>der</span> <span class='ocrx_word' id='word_1_310' title='bbox 703 3499 961 3535; x_wconf 61' lang='lat' dir='ltr'>extr-emmena</span> <span class='ocrx_word' id='word_1_311' title='bbox 991 3490 1306 3535; x_wconf 64' lang='lat' dir='ltr'>Schwarnaerei</span> <span class='ocrx_word' id='word_1_312' title='bbox 1345 3491 1433 3534; x_wconf 74' lang='lat' dir='ltr'>und</span> <span class='ocrx_word' id='word_1_313' title='bbox 1475 3491 1749 3546; x_wconf 75' lang='lat' dir='ltr'>praktischer</span> <span class='ocrx_word' id='word_1_314' title='bbox 1777 3492 2077 3547; x_wconf 67' lang='lat' dir='ltr'>Mysticc&#39;unme</span> <span class='ocrx_word' id='word_1_315' title='bbox 2107 3514 2180 3542; x_wconf 86' lang='lat'>-—,</span> 
     </span>
    </p>
   </div>
  </div>
 </body>
</html>
