2346 3912
944 263 1321 316 -3-

211 407 433 471 cipitato
472 421 631 472 saepe
660 405 871 474 judicio
909 408 1131 477 abjicit,
1175 414 1362 464 intima
1394 428 1514 464 mea
1545 420 1889 479 persuasione
1918 421 2033 472 uul-

211 502 318 554 lum
374 502 520 556 aliud
557 508 653 581 'est
703 502 970 566 libertatis
1021 510 1380 573 capessendae
1429 519 1484 563 et
1533 519 1681 563 recta
1721 514 2030 584 dirigendae

209 601 529 670 praesidium
585 601 689 651 nisi
738 600 1105 671 philosophiae
1168 614 1222 658 et
1279 606 1609 662 theoreticae
1661 616 1714 660 et
1766 615 2029 674 practicae

209 700 538 751 conscientia
575 714 952 766 usquequaque
993 710 1045 754 et
1085 705 1346 769 profunde
1376 709 1639 767 excitata3
1681 716 1859 759 tamen
1892 728 2028 762 nunc

207 775 418 869 quidem
456 794 620 847 verbo
658 796 709 847 id
750 801 1020 852 monuisse
1054 805 1216 870 juvat
1259 805 1356 868 iis,
1407 803 1597 870 quibus
1646 805 1875 858 forsitan
1927 807 2026 859 hoc

206 895 321 957 i‘pso
360 895 575 944 nomine
614 891 964 954 haec‘nostra
1013 902 1234 965 scriptio
1286 902 1340 951 in
1379 917 1595 969 gravem
1638 904 1899 966 quandam
1941 924 2025 956 re-

202 986 611 1052 prehensionem
653 994 926 1045 incurrere
964 997 1230 1049 videatur.

300 1132 304 1135 .
342 1087 555 1140 Etenim
593 1089 739 1142 aliud
781 1092 903 1156 quid
946 1102 1175 1146 mentem
1216 1102 1460 1161 occupat,
1500 1096 1639 1162 quod
1676 1096 1834 1166 longe
1873 1098 2019 1150 diffi-

200 1183 357 1236 cilius
399 1186 570 1238 videri
610 1191 778 1253 possit
815 1190 881 1240 ad
922 1192 1336 1255 expediendum.
1408 1191 1677 1244 Nimirum
1715 1194 1816 1246 hoc
1847 1198 2020 1262 nobis,

200 1284 507 1347 scriptionis
565 1287 721 1336 istius
779 1290 1178 1351 opportunitate
1229 1288 1439 1355 oblata,
1500 1295 1901 1356 proposuimuS‚
1965 1304 2024 1346 ut

197 1357 510 1447 argumenta
562 1400 657 1447 pro
711 1383 798 1433 dei
850 1386 1145 1434 existentia
1168 1383 1224 1449 *)Δ
1266 1385 1433 1436 allata
1483 1387 1664 1451 paullo
1707 1389 2022 1463 diligentius

195 1478 449 1529 rimemur
498 1485 552 1531 et
603 1481 1028 1546 quandoquidem
1082 1483 1290 1544 omnia,
1343 1500 1563 1548 quorum
1606 1487 1849 1536 notitiam
1892 1505 2019 1537 con-

197 1575 495 1640 traximus,
535 1594 566 1627 a
603 1596 733 1633 vero
774 1579 1027 1630 recedere
1060 1597 1368 1643 persuasum
1397 1579 1684 1644 habemus,
1726 1600 1919 1635 novum
1950 1585 2017 1635 ad

191 1670 540 1736 judicandum
582 1680 960 1741 expromamus
1000 1685 1387 1745 argumentum.
1462 1676 1811 1730 Atenimvero
1845 1682 2017 1732 videri

198 1767 352 1837 nobis
405 1770 645 1823 videmur
692 1774 883 1825 nubem
935 1792 1148 1839 eorum,
1209 1778 1300 1840 qui
1350 1778 1450 1826 toti
1499 1774 1622 1827 huic
1678 1777 1906 1828 consilio
1959 1787 2019 1830 ut

197 1866 376 1917 inutili
403 1874 457 1919 et
480 1886 875 1935 supervacaneo
903 1872 1239 1940 refragentur
1263 1879 1420 1938 atque
1446 1889 1565 1924 cum
1591 1874 1778 1924 eodem
1803 1877 2015 1939 timore,

196 1980 298 2030 quo
325 1962 617 2019 Haeremus
647 1967 1053 2038 (Vorlesungen
1080 1969 1214 2021 iiber
1238 1970 1337 2022 das
1362 1970 1578 2023 Daseia
1609 1970 1822 2037 GotleS,
1852 1990 2016 2037 opera

197 2061 324 2113 ΧΠ.
363 2082 414 2128 p.
440 2066 581 2132 292)
618 2065 903 2131 aliquando
941 2066 1200 2119 lectiones
1238 2086 1361 2119 suas
1401 2070 1467 2120 de
1493 2069 1580 2120 dei
1609 2071 1905 2120 existentia
1934 2078 2017 2120 est

194 2177 454 2224 exorsuS‚
505 2178 571 2213 ne
609 2180 1062 2228 supervacaneum
1102 2166 1351 2231 quiddam
1401 2169 1673 2232 suscipere
1722 2166 2014 2229 videretur,

193 2275 278 2309 me
307 2275 514 2324 quoque
540 2258 606 2309 ad
642 2258 778 2311 hanc
806 2264 1147 2327 scriptionem
1188 2267 1479 2316 accessisse
1506 2262 1676 2314 libere
1703 2268 1757 2312 et
1784 2264 2015 2330 ingenue

192 2354 466 2408 confiteor.
542 2357 657 2409 Alii
709 2362 849 2410 enim
902 2361 955 2410 id
994 2362 1164 2424 ipsum
1207 2360 1558 2414 vehementer
1592 2358 2011 2424 reprehendunt,

193 2455 240 2503 si
279 2455 396 2518 quis
434 2452 715 2522 theologus
766 2455 853 2506 dei
899 2459 1248 2507 existentiam
1302 2457 1631 2524 argumentis
1682 2455 2009 2521 probandam

191 2552 444 2615 suscipit,
483 2554 671 2617 quippe
710 2553 848 2617 quod
889 2552 1143 2622 theologo
1179 2561 1338 2605 extra
1378 2571 1590 2605 omnem
1622 2553 2010 2604 dubitationem

193 2649 422 2712 positum
472 2667 589 2702 esse
637 2650 843 2702 debeat.
931 2650 1011 2703 lta
1045 2639 1373 2702 'Rmmunu
1422 2654 1479 2703 in
1528 2649 1782 2719 Dogmat.
1835 2651 2011 2717 (edid.

194 2742 421 2798 Burman
460 2753 514 2798 et
552 2748 808 2814 Scflo'rr)
846 2752 890 2811 ξ.
931 2754 1046 2813 30.,
1097 2749 1190 2800 ubi
1237 2755 1550 2817 argumenta
1597 2751 1703 2798 ista
1753 2750 1799 2797 si
1840 2766 1941 2797 non
1984 2767 2012 2798 e

192 2841 496 2910 theologia,
546 2851 603 2896 at
639 2852 782 2896 certe
821 2864 849 2896 e
888 2845 1189 2914 dogmatica
1226 2847 1467 2897 doctrina
1505 2845 1830 2896 semovenda
1865 2845 1979 2895 arbi

305 3108 352 3165 *)
385 3111 521 3152 Probe
542 3113 630 3152 scio
658 3112 829 3152 Latinos
856 3111 1083 3163 scriptores
1116 3111 1304 3152 melioris
1335 3117 1456 3151 notae
1481 3112 1584 3151 hanc-
1608 3122 1753 3150 vocem
1782 3124 1861 3150 non
1886 3124 2009 3150 usur-

192 3192 326 3232 passe.
387 3182 507 3232 „Sed
546 3183 587 3222 in
624 3188 736 3223 tanta
765 3183 987 3222 verborum
1018 3186 1204 3234 aptorum
1235 3182 1408 3235 penuria
1437 3182 1613 3222 dandum
1639 3188 1705 3221 est
1728 3182 1887 3234 aliquid
1910 3194 2009 3220 con-

190 3252 427 3303 suetudini,
458 3253 703 3306 praesertim
733 3253 770 3292 si
802 3258 886 3292 tum
922 3253 1104 3293 brevitas
1138 3258 1219 3292 tum
1252 3254 1526 3307 perspicuitas
1563 3251 1762 3291 orationis
1790 3249 2007 3300 juvatur.“

191 3321 300 3360 Haec
331 3319 589 3364 Stallbaumii
621 3323 831 3377 (Platonis
864 3335 989 3376 opera
1021 3323 1113 3364 Vol.
1147 3323 1177 3364 l.
1222 3323 1333 3364 Seet.
1366 3323 1400 3364 Ι.
1442 3322 1575 3377 praef.
1601 3334 1642 3374 p.
1677 3321 1835 3375 XXII.)
1881 3321 2010 3361 verba

190 3403 240 3430 eo
271 3393 523 3444 promptiore
554 3394 687 3434 animo
719 3394 830 3434 facio
862 3406 965 3443 mea,
1001 3395 1109 3446 quod
1142 3401 1184 3434 et
1214 3400 1458 3447 praeceptor
1489 3406 1604 3433 meus
1637 3391 1715 3430 fuit
1747 3403 1903 3430 summe
1935 3402 2001 3428 re

189 3462 443 3502 reverendus
485 3468 528 3503 et
567 3465 767 3505 orationis
799 3465 972 3506 Latinae
1014 3464 1195 3504 mirabili
1238 3465 1412 3517 quodam
1448 3463 1668 3517 splendore
1706 3462 1809 3500 nitet
1846 3467 1888 3500 et
1919 3461 2004 3499 sin-

189 3531 380 3572 caritate.

1596 3615 1660 3665 1*
