2346 3912
872 285 1287 339 *19—

167 429 262 480 bus
302 428 603 482 luculenter
640 427 1002 495 collustratis,
1054 434 1128 482 ita
1167 430 1491 483 dubitationi
1530 449 1634 483 non
1672 432 1832 487 debet
1869 453 1988 488 esse

163 525 490 590 obnoxium,
542 528 619 578 uti
672 526 1141 580 fundamentorum
1182 534 1237 580 et
1269 530 1559 598 juncturae
1595 532 1869 598 rationes,
1926 552 1986 587 re

164 626 466 677 accuratius
518 626 814 690 pensitam,
877 626 1218 691 reperiuntur
1268 627 1506 679 eaedem.
1605 626 1762 689 Quod
1808 636 1985 682 autem

164 720 325 792 longe
375 723 582 790 majore
634 720 791 790 vulgo
849 740 967 773 cum
1024 721 1349 776 confidentia
1404 725 1547 777 dicta
1606 701 1988 779 mathematica

26 819 31 825 ’
74 858 80 862 -
161 818 571 885 amplectuntur,
604 837 758 884 quam
788 819 1014 884 reliqua,
1054 819 1108 871 id
1138 820 1311 872 lucem
1340 838 1490 872 suam
1518 824 1715 889 accipit
1736 830 1790 876 et
1816 842 1845 875 e
1873 842 1985 876 ma·

155 918 281 983 jore
316 932 492 967 rerum
522 916 962 981 exponendarum
1002 917 1346 984 simplicitate
1385 926 1438 970 et
1464 937 1493 970 e
1517 922 1684 972 totius
1710 921 1986 974 doctrinae

159 1011 499 1066 absolutione
551 1013 617 1064 ab
672 1016 1061 1080 antiquissimis
1098 1016 1222 1067 inde
1259 1015 1588 1082 temporibus
1624 1018 1800 1070 ducta.
1873 1018 1984 1071 Ne—

159 1128 261 1176 que
296 1114 571 1177 quisquam
611 1111 765 1163 nobis
805 1120 1043 1181 regerat,
1097 1113 1236 1179 quod
1286 1114 1353 1164 de
1389 1113 1550 1165 rebus
1586 1114 1983 1168 mathematicis

161 1209 408 1260 omnibus
464 1200 634 1274 possit
688 1210 1030 1275 persuaderi,
1094 1210 1160 1261 de
1211 1213 1405 1262 ceteris
1457 1190 1859 1276 quaestionibus
1922 1231 1984 1265 ac

160 1309 400 1364 maxime
437 1307 502 1356 de
541 1309 865 1374 argumentis
906 1325 1000 1372 pro
1042 1309 1129 1359 dei
1169 1309 1465 1359 existentia
1495 1307 1678 1360 allatis
1708 1326 1810 1358 non
1838 1311 1982 1360 item.

167 1402 435 1453 Videlicet
469 1420 555 1453 res
591 1403 667 1453 ita
706 1420 810 1453 non
851 1402 1028 1455 habet.
1102 1403 1186 1455 Ne
1236 1404 1607 1455 mathematici
1661 1405 1874 1468 quidem
1913 1407 1983 1456 iis

158 1508 358 1565 queunt
386 1500 736 1566 persuadere,
778 1502 867 1564 qui
897 1500 1172 1551 doctrinae
1208 1517 1390 1552 eorum
1423 1502 1531 1551 sint
1556 1502 1792 1565 imperiti
1822 1507 1983 1566 atque

158 1614 252 1662 per
280 1598 549 1649 doctrinae
587 1599 757 1663 ipsius
795 1587 1285 1662 existimationem,
1326 1599 1724 1662 antiquitatem,
1762 1600 1981 1649 univer-

158 1694 429 1747 salitatem
466 1695 567 1746 hoc
605 1694 802 1747 habent
834 1697 1126 1761 commodi,
1178 1702 1239 1747 ut
1287 1712 1468 1746 eorum
1508 1694 1680 1757 dicta,
1732 1696 1837 1745 etsi
1875 1713 1981 1746 non

160 1791 562 1860 intelligantur,
612 1796 669 1845 in
719 1794 1108 1846 dubitationem
1156 1799 1339 1844 tamen
1388 1792 1501 1843 fere
1553 1807 1662 1842 non
1709 1797 1982 1842 vocentur.

116 1890 120 1894 “
162 1888 222 1939 ln
262 1892 573 1954 quaestione
611 1898 788 1943 autem
829 1909 921 1956 ea,
962 1892 1028 1941 de
1068 1906 1171 1955 qua
1208 1905 1347 1940 nunc
1384 1891 1592 1957 agitur,
1631 1904 1893 1952 quamque
1930 1890 1984 1938 in

161 1963 531 2051 quaestionum
561 1990 797 2040 omnium
828 1985 1264 2039 difficillimarum
1289 2003 1406 2037 esse
1437 2001 1657 2036 numero
1687 1982 1985 2035 habendam

160 2084 203 2132 ii
241 2082 390 2134 nullo
433 2087 651 2152 negotio
687 2092 996 2154 agnoscent,
1037 2086 1126 2148 qui
1165 2082 1254 2134 vel
1282 2082 1459 2134 levem
1490 2084 1546 2132 in
1573 2084 1641 2132 iis
1670 2081 1986 2132 dirimendis

164 2195 381 2243 operam
421 2188 714 2245 posuerunt
736 2182 821 2249 *)‚
873 2190 927 2234 et
976 2180 1132 2232 multi
1175 2181 1370 2231 mentis
1409 2196 1578 2243 aeque
1617 2185 1777 2243 atque
1815 2180 1983 2229 animi

163 2266 347 2327 carent
394 2277 677 2344 facultate,
733 2297 834 2345 qua
887 2295 1018 2344 opus
1069 2283 1153 2329 est
1198 2277 1266 2328 ad
1306 2275 1572 2344 ejusmodi
1614 2277 1981 2341 quaestionem

163 2374 585 2438 percipiendam,
622 2375 970 2442 judicandam
1011 2373 1099 2425 vel
1136 2373 1525 2440 profligandam
1565 2389 1662 2423 nec
1699 2390 1764 2422 ea
1791 2371 1984 2423 imbuti

164 2475 289 2520 sunt
327 2469 618 2535 modestia,
670 2477 730 2522 ut
776 2475 1121 2536 praepostera
1166 2468 1376 2537 judicia
1415 2467 1702 2518 cohibeant
1738 2473 1832 2519 aut
1867 2469 2001 2531 opi‘-'

167 2568 386 2617 nionum
413 2566 501 2618 vel
528 2569 691 2618 etiam
718 2568 1109 2639 dubitationum
1136 2567 1373 2629 somnia,
1413 2567 1469 2616 in
1507 2563 1774 2629 publicam
1813 2562 1985 2613 lucem

169 2663 328 2714 edere
366 2645 627 2715 dubitent.
1489 2736 1492 2737 γ

307 2760 524 2825 „Atqui
562 2766 792 2827 aguntur
826 2777 942 2825 res,
983 2778 1121 2825 quae
1156 2759 1254 2810 sub
1291 2765 1633 2821 conspectum
1663 2771 1769 2806 non
1796 2754 1989 2806 cadant

169 2874 269 2907 nec
304 2855 435 2907 licet
471 2859 710 2920 omnino,
747 2862 807 2907 ut·
832 2861 907 2908 ait
936 2854 1191 2907 KANTms
1225 2856 1550 2917 sexcenties,
1590 2852 1657 2903 ab
1684 2853 1805 2902 istis
1827 2849 1987 2901 rebus

122 2935 535 3005 :concludendo
574 2954 860 3005 escendere
887 2954 954 3004 ad
978 2970 1068 3003 res
1095 2970 1201 3012 non
1227 2949 1618 3016 adspectabiles
1645 2964 1687 3000 s.
1713 2954 1985 2999 transcen·

169 3049 483 3103 dentales.“
523 3081 587 3090 —-
643 3051 865 3104 Scilicet
913 3050 1050 3102 nihil
1101 3049 1291 3115 plane,
1346 3051 1390 3099 si
1443 3065 1626 3099 verum
1665 3046 1986 3111 quaerimus,

169 3149 507 3214 immediate,
545 3156 605 3202 ut
640 3152 718 3202 ita
754 3150 959 3213 dicam,
999 3148 1350 3214 percipimus,
1386 3145 1479 3196 sed
1507 3162 1600 3209 per
1626 3143 1795 3194 animi
1822 3143 1990 3191 nostri

285 3399 332 3458 *)
366 3402 422 3442 cf.
452 3400 593 3443 Drob.
626 3403 656 3442 l.
679 3415 715 3442 c.
746 3416 786 3456 p.
809 3404 908 3445 251.
942 3400 1065 3450 „Die
1086 3396 1311 3440 Probleme
1341 3393 1442 3450 (cler
1467 3386 1987 3447 Religionsphilosophie)

173 3473 274 3523 sind
302 3473 373 3514 die
401 3471 670 3525 wichtiysten
696 3472 779 3513 wie
809 3473 879 3513 die
905 3470 1242 3521 schwieriysten,
1274 3465 1432 3508 welche
1461 3466 1531 3506 die
1550 3473 1693 3518 yanze
1715 3455 1993 3511 Philosophie

174 3543 471 3596 wfzwwet'sm
503 3542 640 3583 hat.“
700 3541 952 3595 Quamquam
981 3547 1091 3582 totus
1126 3540 1245 3579 locus
1276 3539 1423 3589 diguus
1456 3542 1543 3584 est,
1576 3534 1646 3587 qui
1676 3532 1856 3581 legatur.

1560 3616 1644 3669 2*
