2346 3958
0 309 12 318 ’“
0 226 23 304 W?
0 99 23 222 '³**.‘<⁴15›ff==5'ae'‘
0 0 33 90 '‘est-q

514 767 1580 840 Introductio-

291 1108 436 1207 Quo
484 1141 723 1198 tempore
777 1133 1037 1184 horribile
1088 1132 1223 1184 illud
1272 1131 1602 1185 Tertulliani
1652 1133 1753 1200 (de
1807 1150 1965 1183 carne

147 1229 351 1283 Christi
377 1231 448 1296 5.)
489 1231 787 1295 „credibile
821 1238 903 1283 est
941 1233 1065 1297 quia
1091 1232 1332 1296 ineptum
1362 1263 1422 1269 —
1454 1238 1658 1282 certum
1701 1238 1800 1295 est,
1842 1234 1968 1295 quia

144 1326 514 1392 impossibile“
540 1327 586 1392 ²³)
624 1327 798 1377 denuo
837 1330 892 1378 in
925 1315 1095 1380 lucem
1134 1334 1217 1379 est
1239 1330 1542 1396 projectum
1566 1329 1639 1394 **)
1660 1367 1675 1392 ,
1715 1328 1969 1393 permulti

141 1426 381 1490 receptui
418 1431 562 1474 certe
601 1430 797 1474 canunt
833 1431 888 1475 et
916 1441 1100 1476 omnes
1140 1423 1512 1489 philosophiae
1539 1428 1809 1490 suppetias
1848 1444 1968 1477 cum

143 1523 503 1573 ostentatione
556 1523 737 1572 nescio
797 1539 899 1586 qua
947 1520 1288 1586 vilipendunt
1338 1539 1399 1571 ac
1449 1521 1835 1581 condemnant3
1902 1539 1967 1572 eo

144 1621 371 1688 majoris
409 1619 650 1685 profecto
689 1618 901 1669 videtur
940 1619 1196 1670 audaciae
1226 1637 1362 1684 esse,
1401 1637 1514 1670 rem
1546 1620 1811 1685 quandam
1850 1621 1966 1670 sine

142 1715 255 1767 ulla
290 1716 621 1769 dubitatione
648 1716 1002 1785 theologicam
1042 1717 1134 1767 sed
1159 1719 1457 1768 arctissime
1483 1711 1786 1768 connexam
1815 1715 1964 1767 illam

147 1815 360 1878 quidem
412 1832 529 1865 cum
578 1814 878 1867 rationibus
941 1812 1278 1879 philosophis
1328 1814 1425 1865 sub
1483 1832 1717 1865 examen
1770 1831 1966 1864 vocare

143 1911 285 1976 apud
323 1912 565 1963 ordinem
602 1911 996 1980 theologicum,
1037 1929 1139 1975 quo
1182 1911 1488 1962 distinctius
1527 1911 1615 1962 vel
1655 1912 1965 1964 SCHLEOER-

146 2027 462 2075 MACHERUS,
494 2012 576 2062 vir
605 2009 980 2075 philosophiae
1007 2010 1185 2060 studio
1211 2009 1496 2060 admodum
1528 2009 1759 2072 deditus,
1786 2006 1965 2058 decla·-

145 2108 303 2170 ravit,
341 2113 453 2157 tum
492 2107 704 2159 demum
743 2108 981 2158 futurum
1021 2124 1158 2170 esse,
1197 2114 1258 2158 ut
1295 2106 1569 2175 theologia
1608 2104 1764 2156 firma
1797 2106 1970 2173 jaciat

145 2201 522 2268 fundamenta,
560 2203 652 2255 ubi
690 2202 965 2272 theologia
1003 2210 1057 2255 et
1095 2202 1436 2269 philosophia
1474 2221 1691 2269 prorsus
1730 2204 1871 2252 inter
1910 2218 1969 2251 se

144 2300 344 2352 fuerint
391 2301 734 2353 dissociatae.
823 2301 1124 2369 (Similiter
1172 2304 1275 2352 etsi
1326 2320 1355 2353 e
1395 2319 1491 2353 suo
1540 2301 1663 2353 loco
1713 2298 1972 2350 videlicet

147 2404 420 2449 contemtu
442 2398 721 2466 religionis
743 2397 1085 2450 Christianae
1114 2399 1573 2451 Fssussnnicmus:
1625 2396 1803 2449 Ueber
1833 2395 1971 2447 Plu·-

146 2493 388 2561 losopln‘e
427 2512 479 2546 u.
523 2494 874 2557 Christenth„
915 2500 974 2546 in
1016 2494 1340 2564 Beziehung
1376 2495 1488 2559 ατρί
1514 2495 1619 2546 den
1652 2495 1751 2546 der
1780 2493 1968 2562 hegel-

147 2590 308 2642 sclteu
335 2590 686 2660 Philosophie
709 2591 1031 2661 gemachten
1068 2592 1328 2656 Vorwmf
1353 2592 1452 2643 der
1486 2589 1970 2644 Unclzristlichkee't

151 2692 302 2741 1839.
331 2707 378 2754 p.
409 2691 519 2755 31.)
544 2691 645 2754 ***)
721 2687 878 2750 Quod
912 2707 1013 2755 quo
1033 2692 1159 2758 jure
1186 2690 1771 2742 SanEmRMAanRUs
1804 2692 1969 2753 potis·

261 2883 308 2937 *)
340 2883 396 2922 cf.
436 2883 623 2934 ejusdem
655 2884 905 2937 praescript.
937 2886 1113 2927 6—-13,
1166 2884 1336 2935 „Nobis
1378 2885 1621 2924 curiositate
1655 2897 1735 2924 non
1767 2896 1868 2937 opus
1905 2888 1970 2922 est

151 2959 244 3005 post
283 2952 490 2994 Christum
532 2968 608 2995 nec
650 2956 918 3008 inquisitione
961 2961 1055 3008 post
1100 2956 1377 3006 evangelium.
1455 2954 1554 2995 Cum
1587 2955 1820 3004 eredimus,
1866 2954 1971 2993 nihil

153 3024 436 3065 desideramus
466 3026 578 3066 ultra
609 3027 800 3066 credere.
876 3026 960 3066 Hoc
1010 3025 1117 3065 enim
1166 3026 1279 3078 prius
1321 3018 1555 3076 credimus,
1598 3039 1678 3066 non
1720 3038 1813 3066 esse
1863 3025 1970 3077 quod

153 3095 263 3135 ultra
295 3096 467 3136 credere
499 3096 748 3137 debcmus.“

240 3175 312 3234 **)
343 3178 636 3221 Frauenstadt.
670 3180 793 3230 „Die
815 3177 1197 3231 Menschwerduny
1224 3179 1407 3222 Gottes“
1438 3181 1568 3235 praef.
1591 3195 1629 3234 p.
1656 3181 1702 3222 V.
1742 3179 1972 3219 Orthodoxi
2048 3160 2051 3163 Δ

155 3249 343 3301 plerique
374 3257 515 3291 nostra
546 3252 745 3292 memoria
781 3252 819 3291 in
853 3252 1025 3302 gratiam
1059 3250 1274 3290 redierunt
1316 3264 1407 3292 cum
1439 3253 1492 3293 iis
1526 3250 1764 3305 principiis,
1813 3262 1917 3301 quae
1950 3261 1973 3287 a

157 3316 285 3358 Gerh.
319 3316 424 3371 (loc.
458 3322 585 3363 theol.
619 3323 668 3363 de
702 3324 804 3363 eccl.
839 3321 886 3363 T.
919 3320 984 3362 V1.
1018 3334 1055 3373 p.
1090 3319 1209 3374 129.)
1253 3327 1296 3361 et
1340 3323 1529 3363 severius
1568 3322 1690 3361 etiam
1734 3333 1757 3359 a
1802 3319 1971 3373 Quenst.

158 3386 289 3441 (Syst.
314 3388 343 3429 Ι.
376 3402 416 3442 p.
441 3391 510 3433 39.
538 3399 579 3432 et
605 3391 675 3434 42.
709 3393 762 3433 cf.
797 3392 1002 3434 Ambrosii
1035 3392 1085 3431 de
1123 3391 1272 3431 Abrah.
1303 3392 1353 3433 ΙΙ.
1390 3395 1454 3434 10.
1487 3391 1723 3441 theologiae
1756 3390 1974 3443 ancillam)

157 3459 370 3511 proposita
402 3465 508 3499 sunt.

224 3538 326 3598 ***)
357 3543 411 3584 cf.
438 3542 647 3594 ejusdem:
675 3543 966 3598 Darstellu⁷19
989 3560 1027 3586 u.
1046 3545 1190 3586 Kritil:
1213 3546 1289 3587 der
1304 3546 1495 3587 Leibnitz
1532 3543 1810 3597 Philosophia·
1823 3557 1857 3595 p.
1880 3543 1972 3583 134.

1592 3636 1613 3678 1
