2346 3912
1017 231 1436 286 „14-

317 383 382 432 de
420 380 668 449 gentibus
716 380 783 431 ad
820 379 903 431 La
940 379 1146 431 Platam
1202 378 1598 445 habitantibuS,
1628 376 1744 431 'alii
1789 381 1855 433 de
1893 382 2141 450 gentibus

317 476 748 529 Neohollandiae
770 479 1074 542 primitivis.
1119 476 1261 539 Quid
1291 478 1427 544 quod
1449 477 1709 548 Anglicus
1736 478 1951 545 quidam
1979 478 2141 533 homo

319 579 406 641 qui
461 575 793 645 aliquamdiu
845 574 1050 627 Romae
1114 577 1279 627 vitam
1345 577 1604 646 degebat,
1671 578 1873 633 faecem
1926 578 2141 644 quidem

315 672 499 737 populi
540 672 768 723 Romani
815 690 932 724 esse
973 652 1401 738 superstitiosam
1442 674 1533 724 sed
1575 676 1662 739 qui
1701 674 1881 743 legere
1921 682 1975 728 et
2013 678 2147 727 scri-

317 770 442 821 bere
468 770 771 835 didicerint,
811 771 877 821 ad
907 789 1067 822 unum
1098 789 1285 823 omnes
1324 773 1437 823 fere
1477 790 1593 823 esse
1619 772 1878 825 atheistas
1917 782 2141 827 conten-

314 867 409 917 dit.
451 866 742 919 Enimvero
771 868 999 921 fortasse
1026 887 1130 920 non
1158 868 1385 921 multum
1412 888 1444 919 a
1470 887 1598 919 vero
1619 869 1832 926 aberrat
1846 871 2140 926 HEGELms

315 963 557 1030 (Encycl.
600 965 683 1015 ed.
720 969 769 1016 3.
813 969 860 1028 ξ.
888 970 974 1017 71.
1005 966 1183 1035 nota),
1223 969 1312 1032 qui
1350 967 1474 1018 ideo
1514 966 1767 1019 atheismi
1798 969 2141 1035 opprobrium
2229 1032 2232 1035 ¹

314 1065 616 1113 recentiore
654 1068 896 1128 tempore
936 1065 1112 1116 minus
1151 1065 1417 1117 venditari
1456 1065 1563 1127 ait,
1606 1067 1730 1128 quia
1768 1053 2050 1134 religionis
2090 1075 2145 1120 et

315 1161 651 1211 existimatio
700 1166 756 1211 et
791 1167 1165 1228 argumentum
1214 1162 1281 1212 ad
1321 1168 1573 1227 quantum
1615 1160 1738 1213 fieri
1774 1166 1944 1228 possit
1981 1161 2149 1217 mini-1

315 1274 457 1308 mum
497 1275 659 1322 prope
694 1260 767 1308 sit
799 1257 1091 1309 redactum.
1168 1259 1282 1329 Ego
1321 1276 1450 1311 vero
1490 1257 1593 1309 hoc
1631 1260 1961 1328 addiderim,
2002 1262 2152 1329 quod(

314 1354 604 1407 multorum
635 1354 931 1408 atheismus
956 1357 1098 1407 latet
1134 1359 1191 1407 in
1215 1356 1589 1422 pantheisticis
1614 1358 1955 1424 opinionibus
1979 1363 2141 1412 etiam

312 1457 453 1506 inter
501 1454 752 1519 populum
807 1456 939 1505 satis
983 1454 1274 1519 dissipatis.
1351 1454 1493 1516 Quid
1534 1458 1728 1524 igitur,
1770 1461 1816 1509 si
1856 1458 2140 1512 Lxcnvmn-

315 1570 506 1603 annun
547 1551 682 1603 illud
719 1554 1030 1603 vaticinium
1071 1552 1436 1619 (Vermisckte
1466 1551 1755 1619 Schriften
1791 1555 1931 1607 nach
1951 1556 2143 1609 descen

320 1649 465 1701 Tode
503 1667 602 1701 aus
639 1650 744 1700 (len
782 1649 1218 1708 hinterlassenen
1256 1648 1545 1717 Schriften
1598 1656 1931 1722 gesammelt.
1986 1661 2048 1706 1.-
2073 1655 2137 1708 B.
2193 1676 2199 1680 ·

312 1767 361 1813 p.
392 1749 557 1815 166.),
597 1766 629 1798 a
655 1735 757 1814 quo
787 1748 1074 1799 exordium
1101 1749 1245 1812 capit
1267 1747 1491 1801 JACOBII
1518 1749 1737 1804 libellus
1763 1771 1923 1818 supra
1943 1751 2141 1805 allatus

309 1845 455 1912 (Vou
493 1845 598 1897 den
634 1847 796 1914 gum.
838 1844 1069 1913 Dingen
1109 1852 1242 1911 etc.)
1291 1849 1509 1900 tandem
1563 1834 1853 1916 aliquando
1890 1851 2139 1918 implebk

310 1953 424 1995 tur:
485 1982 521 2009 „
549 1944 756 1996 Unsere
806 1943 953 1995 Welc
1003 1943 1144 1994 wird
1189 1944 1325 1996 noch
1363 1963 1420 1996 so
1452 1947 1591 2011 fem
1628 1950 1871 2011 werden,
1918 1949 2045 2001 daec
2083 1967 2139 2001 es

311 2041 447 2093 eben
483 2059 540 2092 so
579 2042 878 2093 liicherliclz
915 2046 1034 2092 sein
1072 2044 1234 2104 κοῖνα,
1277 2049 1438 2096 einen
1481 2046 1617 2098 θυῖε
1654 2064 1721 2098 zu
1758 2041 2018 2116 glauben,
2058 2049 2142 2099 als·

289 2140 646 2209 ,heutzutage
689 2140 1024 2209 Gespenster
1062 2170 1125 2179 —-
1168 2141 1315 2193 dmm
1364 2144 1477 2195 und
1511 2134 1629 2197 ‹lie's
1668 2147 1809 2197 wirzb
1854 2147 2002 2200 darm
2040 2121 2140 2206 das

307 2238 467 2290 Eusle
516 2245 664 2304 sein,
715 2239 933 2291 werden
984 2244 1085 2290 wir
1120 2238 1285 2291 selbst
1338 2247 1456 2293 sein
1496 2230 1598 2293 τοῖο
1640 2242 1898 2296 ῧο1ι2“”
1944 2242 2138 2295 Nonne

307 2355 399 2403 per
441 2336 832 2403 pantheismum
874 2336 1206 2405 divulgatum
1249 2340 1302 2389 in
1342 2339 1573 2391 similem
1610 2343 1726 2408 jam
1768 2341 2136 2392 condicionem

304 2436 521 2488 abducti
558 2435 771 2489 sumus'}
849 2435 964 2486 Etsi
1003 2453 1109 2485 non
1162 2454 1277 2487 sum
1318 2439 1393 2502 is,
1447 2439 1536 2502 qui
1578 2441 1912 2503 persuasioni
1951 2439 2016 2490 de
2052 2439 2145 2500 dei

294 2523 571 2602 personae
619 2537 916 2586 existentia
966 2534 1185 2585 tandem
1230 2552 1607 2601 usquequaque
1645 2538 1852 2587 victrici
1894 2539 2137 2602 timeam,

303 2641 483 2684 tamen
526 2650 631 2683 non
671 2649 885 2697 possum
926 2628 1244 2696 comittere,
1289 2639 1350 2684 ut
1383 2650 1457 2683 ex
1496 2635 1798 2684 istiusmodi
1835 2633 2136 2686 rationibus

301 2731 588 2783 admodum
628 2729 1012 2782 fluctuantibus
1062 2732 1390 2781 conscientia
1444 2731 1701 2795 quaedam
1759 2732 1912 2784 nobis
1961 2735 2133 2784 intru-

300 2829 492 2893 datur,
548 2847 704 2894 quam
744 2828 1109 2880 immediatam
1161 2836 1306 2880 certe
1360 2846 1457 2879 nos
1505 2845 1612 2880 non
1661 2828 1889 2895 habere,
1946 2828 2136 2884 intimo

302 2935 516 2993 pectore
556 2945 672 2979 sum
713 2934 989 2992 expertus.

446 3028 621 3092 Atque
671 3028 748 3077 ita
787 3027 927 3076 viam
981 3029 1278 3077 munivisse
1320 3027 1476 3078 nobis
1517 3027 1820 3077 videremur
1859 3027 1925 3078 ad
1971 3045 2131 3094 quae·

299 3128 531 3177 stionem
583 3127 755 3190 ipsam
807 3125 1236 3189 suscipiendam,
1291 3128 1335 3175 si
1386 3143 1490 3177 non
1528 3124 1761 3188 JACOBI,
1815 3127 1989 3184 omnis
2041 3143 2131 3190 pro

302 3225 388 3274 dei
427 3225 724 3275 existentia
754 3225 1235 3291 argumentationis
1274 3208 1615 3274 adversarius
1652 3222 1953 3275 indefessus
1993 3223 2052 3290 (l.
2083 3242 2128 3276 c.

302 3340 350 3386 p.
388 3326 532 3387 137.)
575 3322 749 3373 denuo
788 3320 940 3372 nobis
980 3321 1169 3372 obvius
1210 3319 1366 3373 fieret
1402 3331 1560 3386 atque
1602 3321 1683 3371 his
1707 3321 1886 3372 verbis
1926 3322 2130 3375 aditum

302 3418 454 3469 nobis
505 3419 866 3472 intercludere
906 3426 1217 3470 conaretur:
1272 3458 1307 3483 „
1338 3419 1514 3470 Wenn
1571 3420 1670 3470 das
1711 3418 1926 3473 Daseia
1978 3426 2130 3473 eines

298 3514 627 3584 lebendigen
685 3516 880 3568 Gottes
941 3517 1205 3570 bewz‘eseu
1258 3518 1473 3569 werden
1521 3519 1750 3580 bilance,
1819 3535 1876 3569 so
1929 3524 2128 3571 maeste
