2346 3912
1122 235 1539 288 -35—

419 392 725 452 sequantur.
797 383 1087 448 Alioquin,
1139 401 1235 433 nec
1285 381 1522 433 felicitas
1567 385 1762 449 (neque
1811 385 2024 433 interna
2070 400 2243 453 neque

420 483 670 550 externa)
719 489 897 549 potest
947 482 1202 532 constitui
1257 486 1309 532 et
1358 481 1750 531 communionis
1788 478 2003 532 vincula
2039 480 2242 550 dirum·-

420 587 617 646 pantur
653 596 874 631 necesse
915 583 1013 628 est.
1089 575 1146 641 ld
1185 577 1325 644 quod
1361 580 1531 644 ipsius
1569 583 1791 632 naturae
1818 577 2028 647 legibus
2059 575 2244 631 officit.

417 676 658 746 Flagitat
704 679 868 746 igitur
917 693 1155 727 amorem
1205 674 1361 728 illum
1417 681 1471 727 et
1523 676 1721 729 idcirco
1761 676 2005 746 ejusdem
2046 679 2246 729 amoris

420 777 742 841 principium
792 773 1027 840 aliquod.
1118 772 1240 826 Lex
1290 781 1469 826 autem
1522 780 1734 827 mortua
1784 781 1846 827 ut
1898 774 1996 827 lex
2045 793 2141 842 per
2170 778 2248 828 ¹>se

419 879 660 939 spectata
698 891 805 924 non
843 872 1005 924 habet
1040 858 1358 925 ullam'vim
1397 872 1561 942 hujus
1599 877 1802 926 amoris
1847 874 2248 926 exsuscitandi:

423 989 551 1040 ergo
593 978 785 1024 natura
821 990 915 1037 eo,
956 971 1094 1037 quod
1133 989 1369 1023 amorem
1410 971 1564 1022 nobis
1594 976 1918 1040 praecepit,
1956 989 2055 1024 uec
2093 971 2250 1024 nobis

422 1088 519 1121 nec
553 1071 659 1122 sibi
697 1071 975 1122 suffecisse
1012 1069 1248 1136 putanda
1275 1075 1358 1121 est
1387 1074 1443 1120 et
1466 1075 1725 1135 provocat
1751 1068 1819 1120 ad
1845 1067 1957 1120 alia
1982 1071 2249 1136 principia

419 1169 807 1237 investiganda.
885 1167 958 1219 At
999 1165 1204 1219 nullum
1237 1169 1371 1219 satis
1398 1172 1499 1218 est.
1582 1165 1668 1218 Ab
1697 1167 1828 1218 aliis
1855 1184 2113 1234 persaepe
2142 1186 2248 1222 non

421 1272 599 1330 potest
636 1268 786 1320 duci:
839 1286 960 1319 nam
999 1284 1260 1333 personae
1300 1283 1451 1317 amor
1490 1262 1673 1331 (probe
1710 1264 2118 1334 distinguendus
2153 1266 2250 1319 ille

420 1364 634 1428 quidem
679 1384 710 1416 a
762 1366 1037 1433 voluptate
1088 1367 1214 1418 inde
1251 1363 1499 1432 oriunda)
1549 1381 1654 1414 non
1704 1365 1978 1416 enascitur
2022 1367 2127 1419 nisi
2175 1383 2250 1418 ex

419 1479 603 1515 amore
641 1468 695 1516 in
738 1483 834 1517 nos
872 1467 1109 1518 collato:
1160 1465 1467 1516 sexcenties
1516 1466 1695 1513 autem
1744 1479 1894 1512 amor
1930 1462 2026 1515 ille
2064 1465 2133 1515 iis
2171 1471 2253 1516 est

421 1562 841 1626 impertienduS,
893 1566 979 1628 qui
1035 1566 1235 1614 amoris
1285 1568 1378 1613 aut
1415 1559 1622 1612 nullum
1661 1560 1872 1626 signum
1914 1559 2251 1625 prodiderint

421 1663 514 1708 aut
552 1676 766 1711 sensum
808 1663 1132 1713 contrarium
1161 1660 1512 1712 ostenderint.
1579 1655 1722 1718 Quid
1749 1656 1947 1727 igitur?
1994 1657 2251 1710 Fortasse

425 1775 499 1807 ex
552 1760 719 1810 animi
772 1763 942 1811 nostri
991 1762 1228 1825 ipsorum
1279 1754 1645 1823 penetralibus
1698 1755 1956 1808 scaturitss
2031 1755 2106 1808 At
2144 1774 2250 1808 non

425 1861 506 1904 est
548 1858 641 1906 ita.
719 1857 888 1907 Amor
912 1859 1012 1908 iste
1039 1856 1363 1908 universalis
1398 1857 1559 1906 etiam
1587 1853 1820 1907 hostium
1847 1857 2066 1907 innatus
2097 1855 2253 1907 nobis

423 1968 541 2003 esse
580 1953 686 2003 dici
727 1971 833 2005 non
871 1961 1071 2018 potest:
1114 1954 1479 2019 pedententim
1522 1953 1663 2002 enim
1704 1952 1770 2002 ad
1811 1970 1931 2004 eum
1963 1952 2252 2004 escendere

421 2053 739 2118 reperimur,
774 2055 950 2103 causis
974 2055 1141 2120 justis
1171 2047 1591 2114 impellentibus.
1651 2051 1892 2118 Propter
1919 2049 2250 2117 voluptatem

422 2154 632 2215 autem,
683 2167 838 2215 quam
896 2167 969 2201 ex
1020 2167 1203 2201 amore
1255 2151 1361 2200 isto
1410 2150 1644 2216 genuino
1694 2151 1959 2214 capimus,
2013 2166 2251 2201 amorem

424 2263 530 2296 non
571 2265 853 2311 possumus
892 2250 946 2298 in
986 2250 1154 2298 vitam
1194 2247 1516 2312 producere;
1557 2261 1679 2294 nam
1720 2247 2087 2298 etsinolimus·
2115 2248 2251 2298 veli-

422 2358 535 2392 mus
578 2349 802 2395 naturae
842 2351 924 2396 est
961 2344 1089 2409 leX,
1148 2352 1207 2397 ut
1249 2343 1526 2394 felicitatis
1562 2344 1802 2393 maxime
1841 2345 2084 2395 sincerae
2122 2361 2252 2395 con·-

421 2436 564 2489 dicio
603 2440 758 2490 nobis
800 2444 999 2506 optime
1039 2443 1354 2505 conveniat,
1390 2445 1570 2490 tamen
1607 2437 1738 2490 haec
1771 2441 1888 2506 ipsa
1910 2442 1980 2492 iis
2007 2442 2250 2507 eripitur,

422 2538 510 2598 qui
562 2537 841 2589 felicitatis
891 2542 1049 2591 istius
1100 2540 1204 2591 sibi
1259 2538 1528 2604 parandae
1569 2554 1736 2589 cama
1785 2540 2039 2591 virtutem
2082 2556 2251 2606 eoque

422 2633 585 2683 etiam
627 2651 861 2686 amorem
903 2639 1063 2687 istum
1104 2639 1299 2688 sectari
1338 2638 1393 2686 in
1431 2640 1666 2685 mentem
1714 2635 2048 2690 induxerint.
2124 2636 2252 2689 Per-

422 2730 664 2783 turbatur
703 2735 846 2784 enim
886 2735 1234 2800 conscientia,
1273 2733 1683 2799 limpidissimus
1722 2739 1776 2784 et
1813 2735 2131 2799 purissimus
2167 2735 2251 2787 fe·-

423 2827 647 2881 licitatis
686 2831 839 2895 fonS,
880 2832 1138 2897 siquidem
1180 2830 1494 2900 hujusmodi
1521 2833 1762 2882 actiones
1791 2850 1886 2898 per
1911 2832 2250 2885 mendacium

423 2927 686 2990 quoddam
725 2936 910 2994 turpe,
963 2931 1215 2983 videntur
1263 2929 1476 2996 quidem
1527 2928 1594 2980 ab
1647 2930 1877 2982 aliorum
1915 2948 2096 2983 amore
2132 2949 2252 2998 pro-

426 3021 627 3088 ficisci,
679 3043 868 3091 reapse
917 3034 1095 3079 autem
1147 3047 1178 3079 a
1229 3030 1438 3093 proprio
1490 3045 1672 3092 amore
1712 3030 1976 3096 originem
2014 3028 2251 3081 trahunt.

424 3119 740 3189 Infringitur
777 3125 992 3176 tandem
1031 3144 1125 3192 per
1151 3129 1472 3193 principium
1504 3125 1667 3191 istud,
1705 3125 1797 3177 ubi
1826 3126 1995 3179 semel
2020 3129 2077 3178 in
2102 3126 2249 3178 clara

424 3216 543 3268 luce
584 3226 665 3271 est
704 3221 1057 3289 collocatum,
1110 3225 1234 3294 (nec
1285 3233 1508 3276 naturae
1546 3223 1673 3293 lege>
1704 3223 1841 3277 solet
1878 3225 1971 3277 diu
2008 3223 2248 3276 tenebris

427 3313 683 3383 obvolvi)
730 3317 827 3370 ille
883 3323 997 3385 ipse
1056 3340 1206 3373 amor
1257 3328 1503 3386 mutuuS,
1567 3338 1722 3386 quem
1787 3321 1997 3392 flagitat
2058 3327 2249 3374 natura

429 3414 515 3477 cuj
525 3430 687 3478 usq-ue
705 3416 1108 3470 fundamentum
1132 3418 1453 3485 quaerimus.
1493 3418 1635 3487 Ergo
1662 3422 2048 3484 quumpamoris
2077 3422 2247 3472 mutui

424 3508 575 3571 fonS‚
629 3515 715 3573 qui
757 3521 971 3566 emanat
1009 3534 1081 3567 ex
1121 3523 1210 3569 sm·
1246 3535 1462 3582 amore,
1512 3515 1760 3570 occludat
1798 3524 1987 3571 natura
2025 3524 2249 3570 vetante
