2346 3912
361 374 580 428 moralis
632 370 858 421 historia
912 369 1037 416 sunt
1088 361 1439 423 commorati,
1490 374 1742 424 perquam
1791 358 1988 408 mirum
2027 356 2188 409 debet

361 473 580 535 cadere,
621 475 751 535 quot
785 472 867 518 tot
903 462 1144 524 tantique
1185 454 1491 522 philosophi
1518 474 1730 508 omnem
1764 473 1924 521 saepe
1956 454 2187 523 lapidem

363 573 642 624 motitasse
702 565 1043 630 reperiuntur
1105 554 1172 606 ad
1238 554 1524 605 discidium
1578 557 1719 606 inter
1775 553 2090 608 felicitatem
2141 565 2196 608 et

366 672 620 720 virtutem
661 666 922 713 sinceram
965 653 1427 721 componendum,
1466 670 1624 718 quum
1665 655 1747 703 rei
1786 659 1977 705 natura
2014 655 2195 720 paullo

366 765 679 833 diligentius
728 758 1078 821 examinata,
1125 751 1394 821 judicium
1444 750 1585 803 haud
1637 759 1746 805 tam
1806 750 2028 804 difficile
2079 771 2197 808 esse

368 863 631 914 videatur.
715 857 933 908 Etenim
976 856 1024 905 is
1061 851 1274 903 demum
1315 855 1486 902 status
1526 856 1748 901 naturae
1786 852 2076 902 convenire
2116 858 2198 903 est

366 958 695 1021 censenduS‚
737 957 826 1021 qui
863 952 1232 1020 plenissimam
1275 954 1585 1000 naturarum
1626 949 1924 1000 viventium
1963 948 2198 1002 felicita-

366 1065 475 1111 tem
513 1056 762 1108 adducat.
837 1051 1077 1104 Naturae
1127 1051 1270 1100 enim
1324 1046 1551 1113 quadam
1590 1047 1911 1098 necessitate
1949 1047 2199 1113 pellimur

366 1157 431 1208 ad
472 1148 794 1207 felicitatem
835 1149 991 1200 nobis
1032 1146 1324 1213 parandam
1363 1150 1618 1211 quantum
1653 1141 1775 1194 fieri
1816 1148 1983 1209 possit
2023 1151 2199 1200 maxi·

366 1272 527 1307 mam.
594 1250 739 1314 Quid
766 1247 966 1318 igitur?
1034 1244 1176 1298 Num
1206 1242 1463 1313 pugnabit
1488 1241 1767 1294 felicitatis
1794 1244 1937 1295 istud
1966 1246 2201 1308 studium

368 1369 487 1405 cum
538 1325 757 1403 virtutis
811 1363 1129 1417 germanae,
1189 1362 1325 1409 quae
1383 1358 1597 1394 omnem
1654 1344 1949 1409 egoismum
1996 1344 2204 1398 fastidit

370 1451 614 1515 penitus,
678 1444 1059 1496 observatione
1116 1446 1170 1491 et
1217 1439 1602 1491 veneratione?
1675 1439 1797 1491 Non
1856 1449 1940 1493 est
1988 1444 2080 1494 ita.
2160 1445 2202 1495 E

371 1546 639 1598 contrario
690 1548 900 1594 tantum
954 1539 1140 1601 abest,
1188 1543 1250 1588 ut
1296 1538 1528 1604 genuina
1581 1537 1813 1590 felicitas
1866 1540 2134 1594 discordet
2165 1538 2202 1594 ⁵a

372 1646 582 1695 sincera
620 1642 858 1702 virtute,
907 1644 969 1688 ut
1015 1635 1117 1686 hac
1168 1652 1262 1700 per
1302 1635 1385 1685 sui
1425 1651 1657 1688 amorem
1701 1639 1924 1701 nimium
1959 1640 2204 1704 infracta,

371 1724 610 1794 felicitas
661 1753 870 1803 quoque
922 1739 1226 1785 evanescat.
1300 1730 1567 1786 Nimirum
1618 1753 1936 1802 quamquam
1982 1745 2205 1791 naturae

373 1840 493 1908 lege
532 1853 786 1890 vocamur
825 1833 894 1885 ad
930 1831 1249 1884 felicitatem
1287 1830 1442 1883 nobis
1477 1832 1795 1897 parandam,
1833 1841 2013 1889 tamen
2055 1840 2204 1906 ejus-

375 1938 496 1989 dem
538 1942 761 1987 naturae
798 1931 905 1982 fert
931 1927 1062 1979 ordo
1090 1926 1246 1991 plane
1274 1927 1638 1994 admirabilis,
1673 1940 1732 1982 ut
1758 1935 1927 1998 siquis
1952 1935 2205 1987 virtutem

376 2036 603 2101 suspicit
639 2037 694 2083 et
732 2026 1080 2093 amplexatur
1115 2025 1385 2076 utilitatis
1421 2030 1630 2080 ratione
1657 2029 1866 2095 ductuS,
1904 2049 2060 2097 quam
2084 2033 2209 2087 inde

377 2151 436 2185 se
488 2139 864 2198 percepturum
917 2129 1128 2190 speret,
1190 2124 1554 2176 conscientiae
1603 2126 1856 2193 stimulo,
1919 2131 2060 2195 quod
2108 2149 2211 2184 ma

376 2248 542 2284 causa
578 2228 689 2297 legi
726 2231 950 2277 naturae
992 2220 1259 2272 satisfecit
1297 2239 1396 2273 nec
1436 2224 1722 2288 quidquam
1753 2226 1879 2277 inde
1901 2232 2080 2280 meriti
2102 2230 2207 2282 sibi

381 2327 636 2396 collegit,
690 2324 945 2376 continuo
983 2318 1288 2384 repulsetur
1322 2319 1389 2371 ab
1424 2320 1521 2373 illo
1561 2323 1676 2386 ipso
1716 2323 1996 2377 felicitatis
2031 2344 2209 2391 sensu,

381 2442 486 2491 quo
524 2423 594 2473 ad
632 2423 886 2473 virtutem
923 2417 1026 2468 fuit
1062 2416 1327 2469 admotus.
1404 2418 1628 2471 Scilicet
1661 2437 1767 2471 non
1794 2428 1974 2487 potest
1997 2423 2215 2478 sibimet

382 2524 486 2588 ipsi
534 2518 744 2571 infitias
797 2518 910 2580 ire,
965 2533 1023 2566 se
1067 2521 1182 2567 tota
1232 2514 1333 2568 hac
1384 2518 1578 2586 agendi
1626 2521 1839 2571 ratione
1876 2521 2212 2576 mendacium

385 2619 718 2672 committere
770 2615 1205 2680 spurcissimum,
1270 2633 1431 2680 quum
1484 2615 1714 2668 aliorum
1776 2636 1905 2682 prae
1963 2609 2033 2670 se*
2076 2621 2216 2675 ferat

387 2733 657 2779 amorem,
707 2711 857 2765 nullo
908 2711 1018 2763 alio
1056 2718 1208 2763 actus
1247 2713 1352 2763 nisi
1391 2730 1486 2765 suo
1525 2715 1721 2778 ipsius:
1772 2722 1827 2767 et
1862 2722 2044 2769 tamen
2083 2735 2214 2787 opus

388 2812 552 2864 habet
589 2813 694 2862 ista
733 2814 932 2878 specie.
1009 2810 1152 2873 Quid
1180 2810 1409 2875 denique
1440 2811 1613 2864 dicam
1640 2812 1706 2864 de
1732 2831 1828 2878 eo,
1865 2814 2005 2880 quod
2029 2817 2215 2868 istius-

390 2910 537 2962 modi
576 2909 896 2975 homuncio,
934 2909 1029 2961 ubi
1057 2908 1149 2960 vel
1172 2891 1471 2975 paullulum
1496 2911 1828 2980 divulgatum
1856 2914 1991 2979 erit,
2028 2913 2216 2980 quibus

393 3008 460 3059 de
498 3008 675 3058 causis
700 3005 929 3059 aliorum
956 3025 1194 3060 amorem
1220 3007 1472 3074 amplecti
1496 3010 1742 3072 videatur
1768 3016 1823 3062 et
1844 3012 2005 3077 tueri,
2042 3016 2218 3066 omnis

393 3105 625 3157 aliorum
660 3107 862 3157 amoris
899 3123 1068 3171 aeque
1095 3104 1162 3159 fit
1184 3124 1382 3174 expers
1407 3114 1568 3174 atque
1593 3110 2020 3162 existimationis
2046 3109 2220 3165 bonae

394 3203 572 3268 itaque
611 3204 667 3253 in
706 3205 1031 3255 contrarium
1069 3204 1137 3256 ab
1176 3221 1241 3254 eo
1279 3211 1478 3255 statum
1506 3206 1751 3271 devenit,
1794 3225 1950 3273 quem
1975 3207 2219 3262 obtinere

366 3299 568 3351 -voluit
604 3302 862 3368 cujusque
898 3303 1074 3370 gratia
1111 3304 1288 3368 specie
1327 3304 1714 3372 ista-mendaci
1752 3321 1870 3357 sese
1898 3308 2217 3360 circummu-

400 3395 567 3446 niviti
631 3394 774 3457 Quid
811 3399 1008 3467 igitur?
1082 3399 1167 3452 An
1206 3403 1298 3453 isti
1335 3402 1595 3467 principio
1633 3421 1871 3456 amorem
1908 3402 2066 3458 illum
2103 3422 2217 3458 mu-

397 3496 545 3541 tuum
570 3502 1016 3563 superstruemus,
1056 3516 1212 3565 quem
1239 3499 1429 3552 eadem
1458 3505 1650 3553 natura
1675 3502 1864 3556 eadem
1892 3504 2215 3557 necessitate
