2346 3912
1051 218 1468 269 ...w-

349 374 439 418 aut
477 368 771 416 maximam
811 370 1011 429 partem
1053 363 1155 413 sibi
1206 380 1310 413 non
1363 366 1433 413 sit
1469 356 1737 413 conscius:
1788 357 1960 411 omnis
2011 363 2175 430 igitur
2235 430 2237 433 .

348 462 558 514 tollitur
595 460 817 530 religio;
859 479 955 511 nec
995 462 1134 511 enim
1174 460 1266 512 ubi
1306 463 1424 526 quis
1462 462 1547 511 sui
1586 459 1971 511 conscientiam
2012 455 2174 510 habet

350 559 710 626 explicatam,
748 560 922 610 ideam
963 557 1375 622 impersonalem
1397 597 1411 622 ,
1454 575 1588 623 quae
1617 558 1790 622 ipsum
1822 574 1888 606 ne
1914 547 2187 621 percipiat

352 658 596 723 quidem,
647 657 928 725 religionis
972 672 1141 706 ¹sensu
1192 662 1369 721 potest
1414 657 1679 721 prosequi.
1769 652 1952 704 Semet
1999 655 2173 718 ipsum

353 767 638 807 veneretur
688 771 907 805 necesse
959 761 1041 805 est
1090 755 1166 818 is,
1222 756 1276 804 in
1329 771 1430 819 quo
1472 768 1733 817 expressa
1772 759 1855 803 est
1889 751 2011 802 idea
2047 748 2175 801 illa:

345 857 382 904 i.
420 872 463 904 e.
503 860 562 904 ut
598 850 851 914 αὖτόθεος
885 850 1165 920 religionis
1202 859 1285 903 est
1313 868 1526 916 expers,
1598 849 1718 900 Jam
1749 866 1857 899 non
1889 853 1972 900 est
2000 847 2172 899 homi-

348 954 429 1002 nis
465 951 838 1019 praejudicata
871 952 1124 1015 opinione
1151 967 1256 1001 non
1288 949 1509 1013 imbuti,
1548 946 1712 999 ullam
1748 948 2070 998 sententiam
2097 947 2175 996 ita

352 1047 592 1110 horrere,
630 1054 692 1100 ut
729 1067 888 1100 causa
926 1049 1127 1099 indicta
1166 1064 1281 1097 eam
1309 1046 1550 1114 abjiciat.
1626 1042 1843 1094 Atenim
1875 1047 1979 1094 etsi
2006 1050 2174 1094 totam

348 1143 483 1195 hanc
519 1163 631 1195 rem
666 1148 771 1197 isto
811 1147 1022 1211 quidem
1062 1144 1182 1196 loco
1224 1162 1330 1194 non
1369 1161 1586 1209 possum
1638 1144 1745 1192 nisi
1793 1147 2063 1206 tamquam
2119 1132 2196 1191 in⁴

348 1243 737 1307 praetereundo
775 1246 1067 1311 attingere:
1120 1244 1297 1294 tamen
1350 1241 1487 1307 quod
1533 1256 1718 1290 omnes
1755 1254 1869 1300 res,
1920 1240 1977 1289 in
2016 1252 2171 1303 quas—

347 1360 552 1406 cunque
591 1342 903 1406 incidimus,
944 1359 1017 1391 ex
1042 1339 1301 1409 partibus
1332 1340 1662 1403 compositae
1689 1354 1806 1388 esse
1834 1336 2175 1400 reperiuntur

344 1436 822 1490 innumerabilibus
870 1441 1040 1505 iisque
1098 1435 1259 1488 facile
1311 1438 1603 1502 separatis,
1652 1434 1896 1500 quodque
1950 1433 2174 1485 unitatis

347 1535 658 1586 individuae
685 1553 728 1585 s.
754 1552 1013 1598 personae
1044 1536 1396 1598 conscientia,
1439 1552 1595 1599 quam
1631 1534 1845 1583 nemine
1871 1527 2172 1594 pantheisti

346 1632 694 1700 efflagitante,
732 1649 966 1697 unquam
1006 1650 1287 1695 possumus
1326 1640 1428 1683 aut'
1452 1633 1718 1700 denegare
1754 1634 1848 1682 aut
1883 1627 2171 1693 deponere,

343 1731 408 1781 ad
446 1730 866 1799 metaphysz'cam
904 1747 1124 1805 „quoque
1176 1733 1208 1780 i.
1261 1749 1304 1780 e.
1357 1729 1721 1793 substantiae,
1771 1745 1904 1794 quae
1953 1718 2173 1795 cogitat,

343 1830 603 1879 unitatem
631 1827 906 1896 (monada)
932 1829 1324 1896 agnoscendam
1358 1846 1454 1879 nos
1482 1829 1724 1879 deducit:
1764 1831 1972 1878 tantum
2001 1822 2171 1886 abest,

343 1934 402 1978 ut
440 1929 557 1977 sine
595 1925 967 1993 praejudicata
999 1928 1254 1991 opinione
1285 1926 1350 1976 ad
1379 1925 1774 1990 pantheismum
1804 1923 2170 1984 deveniamus,

342 2031 402 2076 ut
440 2024 667 2076 mundus
702 2041 809 2074 non
848 2023 1218 2092 metaphysica
1258 2025 1518 2090 quaedam
1557 2025 1736 2074 unitas
1776 2017 1849 2089 (ἓν
1876 2021 1959 2072 καὶ
1989 2018 2177 2086 πολλά)-

343 2127 414 2175 sit
454 2122 850 2174 existimandus
889 2123 982 2180 sed
1022 2125 1345 2188 compositus
1375 2140 1450 2173 ex
1480 2120 1665 2172 multis
1692 2119 1932 2185 partibus
1961 2115 2169 2183 simpli-

342 2222 493 2275 cibus
537 2240 578 2274 s.
620 2223 815 2273 atomis
854 2224 890 2272 i.
923 2240 966 2272 e.
994 2221 1235 2286 partibus
1260 2220 1571 2272 individuis:
1647 2208 1979 2269 Deducimur
2004 2217 2170 2284 igitur
2207 2262 2210 2265 .

342 2321 408 2371 ad
449 2317 901 2386 monadologiam,
941 2336 1096 2383 quam
1138 2319 1424 2370 admodum
1463 2318 1820 2381 incomposite
1847 2313 1931 2366 illi
1955 2313 2167 2388 quidem

342 2420 576 2483 antiquis
611 2419 729 2484 jam
767 2416 1098 2482 'temporibus
1127 2415 1489 2480 Democritus,
1527 2413 1850 2479 Leucippus,
1889 2413 2170 2479 Epicurus,

341 2515 434 2567 alii
476 2521 886 2580 expresserant3
924 2518 1226 2567 recentiore
1261 2521 1440 2565 autem
1479 2519 1720 2579 tempore
1758 2511 2074 2564 Leibnizius
2117 2516 2171 2562 et

341 2610 640 2662 Herbartus
679 2611 986 2663 admirabili
1011 2630 1130 2663 cum
1157 2613 1448 2679 sagacitate
1472 2596 1739 2676 persecuti
1767 2617 1907 2679 sunt.
1982 2590 2169 2670 Quod,-

343 2712 445 2761 etsi
474 2716 661 2760 neuter
690 2710 990 2761 censendus
1018 2714 1100 2760 est
1125 2726 1237 2759 rem
1269 2707 1600 2776 profligasse,
1640 2709 1959 2773 principium
1986 2713 2168 2758 tamen

340 2807 421 2872 (id
455 2807 597 2873 'quod
637 2807 797 2876 longe
837 2813 919 2859 est
953 2807 1356 2876 gravissimum)
1395 2805 1762 2858 exhibuerunt
1797 2823 1984 2857 verum
2008 2811 2167 2870 atque
2226 2811 2228 2814 ’

340 2908 398 2959 in
442 2906 665 2957 eandem
706 2909 1027 2958 sententiam
1067 2908 1230 2957 etiam
1267 2905 1310 2956 F
1318 2923 1559 2957 chTuJM
1590 2906 1911 2973 (juniorem)
1950 2903 2169 2970 tandem

342 3002 655 3055 discessisse
694 3022 888 3073 magna
926 3023 1045 3056 cum
1083 3004 1359 3074 voluptate
1399 3005 1630 3070 percepi.

484 3101 638 3163 Quae
675 3122 834 3168 quum
874 3107 950 3156 ita
989 3107 1125 3167 sint,
1177 3104 1223 3154 si
1263 3105 1381 3168 quis
1420 3101 1486 3152 ad
1521 3100 1978 3154 HEGELIANORUM
2016 3098 2166 3172 illam

339 3203 721 3253 conscientiam
747 3201 1061 3267 provocabit
1088 3202 1175 3252 dei
1204 3200 1657 3253 commonstrandi
1681 3203 1885 3268 gratia,
1926 3217 2022 3269 nec
2046 3197 2166 3264 phi-

342 3298 619 3364 losophum
642 3305 938 3369 genuinum
963 3301 1248 3369 agnoscam
1271 3301 1319 3367 *)
1348 3304 1402 3350 et
1432 3293 1719 3350 atheistam
1751 3297 1978 3364 habeb0,
2006 3284 2165 3364 quum

459 3507 499 3564 *)
533 3511 668 3563 Urgco
715 3512 912 3554 lineolam
958 3513 1073 3554 illam
1116 3514 1206 3554 voci
1253 3512 1551 3564 ‚,genuinam“
1588 3513 1878 3567 subscriptam.
1940 3508 2031 3552 Neo
2061 3509 2166 3550 enim
