2346 3912
912 242 1332 295 ...21-

182 386 433 442 suasione
483 388 581 441 illa
630 391 790 439 istum
831 388 889 438 in
926 388 1141 440 modum
1181 386 1455 453 stabilita,
1505 393 1567 440 ut
1603 387 1778 442 officia
1818 399 1999 443 nostra

179 490 373 540 timore
400 489 576 553 potius
603 489 757 552 quam
786 485 911 538 boni
939 503 1120 537 amore
1146 488 1355 538 sincero
1382 485 1597 539 adducti
1624 505 2000 554 exsequamur.

178 584 456 650 Nolimus,
495 586 738 650 inquam,
790 582 1121 650 perturbari,
1162 602 1228 636 ne
1267 601 1408 636 novo
1446 590 1759 654 argumento
1800 601 1998 649 expro-

178 682 404 748 mendo,
444 680 530 732 dei
569 682 735 746 ipsius
770 679 1035 733 voluntati
1076 700 1353 734 occurrere
1389 681 1684 734 videamur.
1755 680 1878 734 Non
1919 692 2001 732 est

177 777 321 831 salus
360 778 634 831 hominum
674 777 1042 843 periclitanda.
1120 779 1408 831 Enimvero
1446 781 1820 846 experiamur,
1873 797 1997 831 num

175 876 360 942 deum,
401 879 488 942 qui
526 893 678 927 amor
716 882 797 928 est
830 875 1074 929 omnibus
1112 879 1349 929 numeris
1385 876 1692 943 absolutus,
1730 895 1857 929 vere
1894 894 1995 929 ex-

176 979 319 1025 stare
354 973 639 1026 ostendere
678 990 932 1039 queamus
970 980 1024 1026 et
1061 973 1163 1027 hoc
1192 975 1346 1027 nobis
1385 981 1532 1028 certo
1560 978 1633 1027 sit
1662 992 1995 1040 persuasum,

179 1087 243 1121 eo
281 1072 399 1135 ipso
437 1072 657 1137 propius
697 1088 790 1122 nos
828 1070 895 1121 ad
929 1090 1045 1124 eam
1073 1071 1390 1142 religionem
1417 1073 1704 1125 adductum
1730 1074 1817 1137 iri,
1862 1090 1996 1138 quae

176 1186 271 1235 per
307 1186 545 1220 amorem
585 1171 834 1221 timorem
878 1168 1124 1236 expellat
1158 1188 1368 1223 omnem
1409 1170 1461 1238 (1
1487 1168 1609 1222 Joh.
1636 1177 1690 1236 4,
1722 1171 1851 1237 180).
1926 1169 1997 1221 Et

174 1265 314 1318 male
355 1267 485 1318 deus
523 1265 857 1318 consuluisse
895 1267 1192 1320 censendus
1225 1274 1309 1321 est
1343 1267 1624 1335 permultis
1661 1270 1729 1319 iis
1760 1266 1993 1318 homini-

174 1362 272 1415 bus
310 1363 471 1432 vulgo
510 1364 686 1415 minus
723 1363 978 1429 eruditis,
1027 1367 1118 1430 qui
1166 1384 1326 1430 quum
1364 1368 1610 1417 nesciant
1645 1364 1996 1431 philosophos

175 1460 649 1513 demonstrativam
696 1477 793 1526 pro
842 1459 931 1511 dei
968 1462 1266 1513 existentia
1315 1464 1836 1532 argumentationem
1890 1480 1995 1514 non

174 1558 496 1624 concedere,
548 1577 668 1610 eum
705 1561 910 1624 ipsum,
949 1576 1104 1624 quem
1144 1561 1458 1630 impugnant
1496 1558 1614 1623 illi,
1668 1563 1902 1611 errorem
1944 1566 1998 1611 et

178 1655 567 1722 amplectantur
601 1662 655 1708 et
691 1655 996 1722 amplexuri
1034 1659 1159 1710 sint.
1202 1690 1265 1699 -
1328 1656 1545 1710 Gratias
1593 1673 1814 1725 agamus
1865 1674 1995 1722 quas

174 1770 450 1819 possumus
487 1756 776 1820 maximas,
816 1754 954 1820 quod
997 1773 1065 1807 ne
1104 1758 1245 1809 inter
1283 1758 1415 1810 istos
1452 1753 1663 1821 quidem
1702 1756 1864 1807 timor
1899 1772 1993 1807 ne-

176 1854 408 1904 cessario
447 1853 713 1905 dominari
749 1856 1027 1918 reperitur.
1073 1886 1134 1894 —
