2346 3912
2 3361 28 3383 ..ἑ

0 3387 18 3416 ςρ

0 3416 16 3442 Τ,

0 3453 29 3471 zi:

0 3481 23 3519 Ξῖ

21 3610 25 3618 ,

0 3507 27 3699 Ξ

0 3699 5 3709 Ι.

911 226 1326 280 ..33-

203 391 249 424 c.
289 389 341 438 p.
380 377 526 439 264.)
577 374 631 424 in
663 372 904 425 medium
952 375 1156 441 profert
1208 373 1404 428 Matth.
1442 379 1501 439 5,
1541 379 1626 426 45.
1677 371 1762 424 his
1815 372 2023 427 verbis:

202 469 331 535 „die
392 470 584 523 Worte
629 470 757 524 Iesu
778 493 791 520 .·
843 470 1084 537 „Liebee
1124 470 1278 525 Eure
1315 468 1564 535 Feiude‚
1605 471 1718 536 md*
1745 470 1870 523 dass
1920 470 2023 523 Ilzr

201 566 425 621 Kt'nder
463 566 658 621 (ἔσυρε
707 573 766 620 iu
816 574 1016 622 see‘nem
1067 568 1278 621 Reiclae
1325 569 1599 634 werdet“,
1652 569 1868 621 werden
1916 571 2021 622 deu

210 664 573 719 Underschied
606 665 701 718 des
738 665 1170 736 Bestimmungs-
1209 668 1323 720 und
1362 666 1807 738 Beweggruudec
1840 667 2019 732 affort

200 762 440 816 deutlich
461 764 742 817 mac-hem&
795 765 902 817 Sed
926 763 1115 815 horum
1143 763 1278 816 nihil
1307 784 1476 832 paene
1502 765 1641 832 apud
1663 763 2017 817 Matthaeum.

170 846 283 914 'lbi
327 880 378 914 v.
418 868 504 914 44.
569 861 798 932 ἀγαπᾶτε
847 861 970 923 τοὺς
1019 861 1246 932 ἐχθροὺς
1291 861 1433 930 ὑμῶν
1471 871 1570 915 etc.
1643 881 1691 915 v.
1730 867 1816 916 45.
1879 860 2021 923 ὅπως

197 958 417 1027 γένησθε
454 960 555 1012 υἱοὶ
579 965 673 1012 τοῦ
709 957 902 1030 πατρὸς
937 956 1083 1027 ὑμῶν
1124 959 1176 1012 ἐν
1213 968 1321 1021 τοῖς
1349 960 1606 1030 οὐρανοῖς,
1645 959 1725 1013 ὅτι
1750 960 1839 1013 τὸν
1876 960 2019 1028 ἥλιον

198 1057 358 1110 αὑτοῦ
405 1055 658 1111 ἀνατέλλει
706 1058 786 1110 ἐπὶ
839 1058 1093 1128 πονηροὺς
1138 1061 1221 1110 καὶ
1269 1058 1518 1128 ἀγαθούς.
1618 1057 1740 1111 Non
1790 1061 2017 1124 praemii

198 1171 377 1220 spem,
424 1161 484 1208 ut
520 1155 637 1209 vult
673 1159 754 1208 vir
790 1174 997 1209 summe
1035 1158 1398 1223 veneranduS‚
1448 1157 1538 1208 sed
1578 1157 1665 1209 dei
1704 1154 2016 1221 exemplum

195 1254 447 1307 ostendit.
530 1254 727 1307 Verum
769 1260 875 1307 'nec
908 1254 1104 1320 reliqui
1152 1254 1258 1306 loci
1305 1272 1466 1322 supra
1514 1253 1671 1307 allati
1707 1253 1875 1305 ullam
1916 1252 2011 1304 ha-

195 1350 322 1403 beut
358 1354 483 1402 vim.
556 1351 637 1402 Ea
677 1356 816 1404 enim
857 1361 939 1404 est
966 1353 1244 1404 hominum
1283 1351 1629 1404 imbecillitas
1657 1354 1808 1417 isque
1841 1358 2014 1403 status

192 1447 500 1512 morbosuS,
535 1455 594 1501 ut
631 1448 791 1519 longe
829 1451 1138 1516 paucissimi
1175 1450 1386 1499 sincera
1423 1467 1485 1499 ac
1519 1466 1775 1516 germana
1815 1451 2011 1500 virtute

193 1546 406 1611 p‘enitus
443 1553 758 1599 moveantur
793 1555 849 1600 et
885 1546 1102 1612 plurimi
1140 1539 1435 1611 praemium
1477 1563 1689 1611 quoque.
1722 1553 1782 1597 ut
1826 1563 1856 1596 e
1893 1545 2013 1597 lon-

188 1642 388 1709 ginquo
415 1639 605 1695 saltem
634 1653 689 1697 et
720 1652 986 1712 tamquam
1025 1662 1120 1710 per
1156 1651 1500 1695 transennam
1536 1643 1846 1695 ostendatur
1881 1660 2014 1707 opus

188 1735 439 1791 habeant.
515 1740 673 1802 Quod
702 1741 949 1796 Christus
987 1743 1303 1809 praesertim
1328 1743 1428 1792 vix
1449 1757 1731 1809 aggressus
1756 1741 2011 1793 mundum

192 1838 249 1887 vi
295 1854 392 1888 sua
441 1838 652 1902 divina,
702 1859 860 1906 quum
910 1840 1077 1907 probe
1130 1844 1369 1902 teneret,
1422 1856 1490 1888 ne
1537 1844 1750 1903 poterat
1798 1840 2013 1904 quidem

189 1937 647 2003 praetermittere,
714 1941 820 1990 nisi
878 1940 1019 1990 forte
1082 1934 1447 2002 petulantibus
1504 1934 1617 1986 illis
1680 1935 2011 1988 derisoribus

187 2035 640 2096 opportunitatem
678 2037 795 2087 sine
826 2035 993 2087 ‘dubio
1033 2039 1239 2102 gratam
1267 2039 1385 2085 erat
1410 2031 1672 2084 allaturus
1705 2033 2007 2101 judicandi,

188 2131 340 2194 quasi
389 2129 634 2183 doctriua
682 2129 886 2184 Christi
919 2131 1003 2183 'ad
1052 2133 1219 2183 vitam
1267 2131 1372 2182 rite
1418 2130 1820 2196 temperandam
1871 2131 2011 2183 nihil

191 2233 334 2278 esset
371 2229 798 2280 accommodata.
887 2229 1105 2281 Atenim
1164 2229 1297 2282 haec
1358 2229 1650 2280 ostentatio
1700 2231 1809 2293 rei,
1873 2247 2009 2294 quae

185 2321 400 2376 illibata
442 2328 656 2376 virtutis
707 2328 1016 2394 integritate
1063 2330 1264 2380 arcessi
1313 2344 1420 2377 non
1470 2331 1708 2392 poterat3
1760 2343 1859 2377 nec
1907 2344 2007 2378 un·

187 2437 345 2497 quam
388 2423 701 2486 primarium
749 2425 806 2473 in
864 2421 1143 2475 voluntate
1194 2424 1487 2475 excitanda
1537 2431 1761 2488 occupat
1810 2423 2008 2487 locum,

185 2534 282 2568 uec
322 2518 607 2585 quidquam
648 2518 795 2571 aliud
845 2528 926 2572 est
972 2539 1126 2587 quam
1178 2521 1600 2573 accommodatio
1642 2523 1699 2585 in
1746 2519 2010 2589 religione

182 2613 458 2680 populari,
525 2616 621 2668 illo
663 2622 1003 2683 ⁵praesertim
1066 2628 1341 2685 tempore,
1405 2635 1623 2683 prorsus
1686 2620 2005 2669 necessaria.

184 2711 327 2768 Aliis
364 2720 543 2766 autem
578 2720 650 2766 *in
687 2710 820 2768 locis
871 2734 979 2767 non
1015 2722 1221 2768 tantum
1259 2716 1315 2767 id
1353 2714 1623 2781 postulat,
1676 2720 1736 2765 ut
1773 2716 2002 2779 primum

184 2828 500 2875 quaeramus
541 2812 637 2880 τὴν
675 2813 1004 2879 δικαιοσύνην
1042 2811 1262 2880 (Matth.
1303 2816 1368 2874 6,
1409 2814 1550 2878 33.),
1606 2828 1792 2862 verum
1841 2813 2005 2862 etiam

185 2905 481 2973 palmarem
509 2908 664 2962 nobis
694 2910 874 2980 legem
898 2911 1148 2976 proponit
1168 2926 1406 2961 amorem
1434 2909 1550 2974 dei,
1590 2926 1664 2960 ex
1691 2925 1794 2974 quo
1823 2912 2003 2959 omnia

186 3010 247 3056 ut
294 3022 369 3056 ex
403 3003 796 3071 limpidissimo
848 3016 903 3061 et
934 3006 1142 3059 'ultimo
1192 3007 1342 3059 fonte
1393 3005 1709 3059 hauriantur
1753 3007 2006 3072 ⁴oporteat

185 3100 403 3170 (Matth.
421 3107 507 3167 22,
524 3105 652 3170 37.).
684 3135 754 3144 —
782 3104 960 3171 Atque
984 3107 1073 3171 iis,
1102 3107 1193 3171 qui
1219 3103 1309 3156 vel
1334 3103 1631 3170 paullulum
1650 3106 1709 3155 in
1725 3104 2002 3155 doctrinae

189 3366 283 3408 ihre
313 3367 616 3424 Forderunyen
655 3370 834 3412 konnten
872 3371 964 3413 sich
1004 3384 1087 3412 nur
1134 3383 1215 3411 aus
1258 3371 1352 3411 dem
1380 3371 1593 3423 Brittofen
1629 3370 1706 3410 des
1740 3366 2018 3428 schwiimne-v

184 3439 372 3482 rischten
398 3439 565 3494 Kopfes
594 3452 816 3495 erzeuyen.
842 3467 897 3476 -—
945 3442 1106 3484 Utinam
1137 3442 1266 3481 multa
1297 3442 1529 3482 istiusmodi
1564 3433 1749 3482 scribant
1784 3431 2002 3490 Hegeliaiii

184 3509 404 3561 juniores:
443 3523 538 3553 mox
567 3523 643 3552 suo
679 3512 861 3565 ipsorum
899 3513 1038 3564 gladio
1072 3525 1118 3553 se
1144 3510 1446 3563 jugulaverint.

1633 3599 1664 3646 3
