2346 3912
987 232 1362 284 -5-

267 402 325 437 se
366 379 686 435 incommodi
724 380 923 445 aliquid
968 380 1160 442 habet,
1203 378 1285 430 vel
1321 375 1429 430 ulla
1464 378 1517 427 in
1545 394 1602 426 re
1634 378 1740 427 solt·
1764 394 1881 428 esse
1905 386 2089 428 aucto-

266 483 415 532 ritati
467 480 890 543 emancipatum,
952 480 1108 543 quum
1170 478 1387 527 omnino
1440 472 1646 525 Christi
1707 477 2084 538 praestantiam

223 589 238 598 '
267 585 535 631 internam
584 579 761 641 potius
813 594 966 641 quam
1021 575 1335 643 dignitatern
1387 571 1807 639 metaphysicam
1852 574 2087 636 arripere

270 686 323 729 et
361 673 659 740 amplexari
701 671 854 723 nobis
892 673 1169 724 conducat.
1246 673 1574 724 Provocatur
1627 673 1767 721 enim
1807 671 1977 733 ratio,
2032 679 2087 718 ut

266 793 362 826 suo
390 790 595 839 quoque
620 770 796 822 Marte
823 788 933 821 rem
965 778 1070 822 tam
1098 789 1316 838 gravem
1343 769 1567 820 fundare
1595 774 1815 819 conetur
1841 766 1905 833 *).
1968 764 2087 816 Huc

265 870 500 934 accedit,
554 868 694 934 quod
744 867 839 918 illa
889 868 953 918 de
1004 865 1206 919 Christi
1258 884 1485 933 persona
1523 869 1797 930 persuasio
1836 884 1865 915 e
1903 863 2085 915 multis

265 987 327 1020 ac
363 966 611 1036 gravibus
650 964 1060 1018 difficultatibus
1099 963 1626 1027 dubitationibusque
1656 961 1976 1014 extricanda
2004 967 2084 1010 est

265 1066 507 1133 quodque
558 1063 862 1123 cavendum
918 1064 1069 1115 nobis
1136 1071 1218 1115 est
1279 1064 1641 1130 magnopere,
1695 1079 1760 1112 ne
1811 1059 2083 1110 indefesso

262 1165 490 1216 rationis
528 1179 652 1226 usu,
693 1161 931 1226 patribus
970 1161 1352 1214 ecclesiasticis
1391 1169 1442 1211 et
1484 1159 1820 1210 scholasticis
1845 1158 2081 1221 reperia-

267 1279 385 1312 mur
421 1262 736 1321 inferiores*‚
787 1262 981 1324 quippe
1015 1262 1103 1325 qui
1143 1258 1538 1324 philosophiam
1579 1256 1829 1309 ancillam
1872 1253 2082 1319 quidem

262 1347 569 1426 theologiae
592 1356 893 1420 habuerint,
911 1358 1181 1408 sedtamen
1210 1357 1275 1406 ad
1304 1375 1465 1407 unuin
1494 1374 1679 1407 omnes
1697 1357 1807 1406 fere
1824 1351 2082 1404 Anselmo

261 1454 636 1507 cantuariensi
674 1455 855 1522 (‚,cur
893 1455 1022 1506 deus
1065 1453 1312 1504 homo?“
1352 1471 1460 1517 cap.
1504 1459 1552 1504 2.
1596 1453 1745 1518 init.)
1790 1455 2083 1514 interprete

267 1556 348 1606 usi
388 1571 504 1604 esse
543 1552 892 1603 existimandi
934 1554 1069 1604 sint:
1122 1550 1516 1619 „Negligentia
1558 1551 1798 1613 videtur,
1850 1550 1896 1597 si
1940 1553 2084 1612 post-

266 1670 420 1718 quam
462 1649 766 1702 confirmati
805 1667 986 1700 sumus
1024 1654 1077 1702 in
1117 1649 1257 1714 fide,
1298 1667 1403 1700 non
1443 1649 1748 1711 studemus,
1790 1644 1928 1710 quod
1969 1661 2083 1693 cre-

235 1749 471 1818 ⁸dimus,
510 1747 814 1816 intelligere
831 1750 867 1777 “
898 1748 993 1813 **).
1082 1749 1224 1810 Quid
1265 1748 1399 1813 quod
1441 1755 1622 1798 nostra
1663 1745 1921 1795 memoria
1962 1759 2082 1806 per-

266 1846 447 1899 multis
486 1849 635 1897 deest
676 1848 947 1910 persuasio
987 1845 1111 1910 illa‘,
1151 1848 1235 1897 cui
1276 1851 1643 1912 argumentum
1685 1861 1716 1892 a
1754 1839 2085 1891 revelatione

259 1948 485 2010 ⁴petitum
538 1947 920 2008 superstruitur
971 1953 1023 1994 et
1079 1963 1203 1995 vero
1261 1946 1421 1994 etiam
1480 1939 1751 2005 propalam
1792 1944 1885 1988 aut
1923 1941 2084 1987 tacite

267 2046 381 2106 ipsa
420 2042 484 2091 de
524 2042 607 2091 dei
650 2044 943 2092 existentia
982 2046 1254 2106 persuasio
1293 2051 1386 2091 aut
1423 2040 1643 2090 evanuit
1680 2038 1757 2104 (id
1800 2035 1935 2101 quod
1973 2053 2086 2084 sae-

271 2157 558 2204 penumero
611 2142 852 2189 maxima
902 2158 1020 2190 cum
1074 2141 1427 2190 admiratione
1468 2148 1520 2188 et
1562 2136 1930 2202 indignatione
1971 2149 2083 2181 sum

267 2236 545 2302 expertus)
586 2244 676 2286 aut
712 2255 775 2286 ea
806 2237 1111 2287 dominatur
1138 2236 1222 2286 dei
1250 2238 1415 2298 notio,
1458 2253 1591 2299 quae
1615 2234 1769 2283 deum
1806 2246 2083 2296 personam

268 2333 426 2386 tollat
462 2339 619 2398 atque
659 2336 767 2395 ita,
810 2341 865 2385 ut
895 2335 1035 2385 infra
1061 2342 1204 2385 certe
1232 2351 1324 2398 per
1349 2340 1692 2384 transennam
1724 2328 2086 2388 ostendemus,

268 2432 426 2482 deum
466 2434 635 2494 ipsum
674 2430 741 2480 ad
780 2430 1005 2481 nihilum
1033 2432 1256 2496 redigat.
1334 2429 1594 2489 Quamvis
1620 2431 1780 2496 igitur
1809 2441 2089 2491 argumen-

382 2642 429 2694 *)
463 2641 713 2695 Quamquam
744 2653 794 2680 ne
827 2642 904 2681 hoc
937 2642 1102 2694 quidem
1133 2641 1227 2682 loco
1261 2639 1472 2680 oblivione
1506 2645 1571 2680 est
1607 2637 1943 2684 oblitterandum,
1978 2633 2084 2686 quod

270 2712 341 2753 ubi
373 2713 423 2753 de
456 2713 594 2753 causis
624 2710 917 2752 rationalibus
946 2712 1130 2764 alicujus
1175 2713 1237 2753 rei
1280 2712 1401 2752 fidem
1435 2711 1614 2764 amplexi
1650 2721 1817 2757 sumus,
1866 2705 2018 2746 nemini
2051 2704 2087 2743 si

270 2795 411 2823 verum
444 2783 681 2835 quaerimus
700 2815 709 2833 ,
741 2783 861 2823 fidem
893 2782 1155 2834 adjungimus
1188 2783 1268 2822 nisi
1298 2782 1449 2822 rationi
1481 2782 1706 2833 propriae.
1768 2778 1828 2818 En
1871 2776 1971 2823 tibi,
2015 2786 2090 2813 cur

272 2866 389 2893 nemo
425 2853 668 2906 quisquam,
718 2854 838 2893 modo
888 2855 1039 2894 suimet
1085 2853 1215 2906 ipsius
1260 2853 1317 2892 sit
1356 2852 1573 2901 conscius,
1619 2851 1721 2891 alibi
1753 2862 1798 2889 se
1831 2847 1906 2887 niti
1943 2851 2088 2899 putare

271 2930 408 2977 queat,
445 2930 568 2976 atque
601 2923 642 2963 in
673 2923 846 2963 rationis
877 2925 1124 2964 auctoritate
1157 2925 1186 2965 i.
1222 2936 1257 2964 e.
1294 2922 1396 2962 nihil
1428 2922 1543 2962 aliud
1574 2921 1630 2962 sit
1661 2933 1779 2973 quam
1810 2916 2086 2959 rationalista.

357 3007 429 3062 **)
465 3007 637 3061 Saepius
670 3009 719 3049 ad
752 3010 875 3049 istum
907 3011 1045 3050 locum
1088 3008 1330 3062 provocavit
1365 3007 1587 3058 Hegelius‚
1632 3017 1752 3059 quem
1786 3004 1837 3044 ad
1868 3000 2088 3053 religionis

271 3092 433 3134 quoque
465 3080 792 3133 intelligentiam
824 3082 970 3121 sedulo
1002 3080 1239 3132 adspirassc
1282 3079 1320 3118 in
1367 3079 1517 3129 vulgus
1549 3077 1641 3117 fere
1674 3082 1739 3116 est
1769 3081 1908 3115 notum
1942 3070 2019 3125 (ef.
2051 3083 2090 3110 v·

270 3162 307 3190 c.
341 3149 511 3202 Encycl.
548 3147 590 3203 §.
620 3154 690 3193 77.
725 3151 857 3206 nota).
928 3151 1121 3192 Ceterum
1158 3142 1409 3200 Augustinus
1453 3161 1581 3202 saepe
1624 3148 1796 3189 eandem
1843 3142 2089 3185 sententiam

274 3220 485 3273 eloquitur
518 3220 571 3261 cf.
605 3221 646 3261 in
678 3223 825 3263 Joann.
860 3229 1025 3262 tractat.
1057 3224 1126 3264 29.
1159 3219 1200 3273 ξ.
1234 3222 1274 3262 6.
1318 3251 1343 3270 ‚,
1361 3220 1600 3260 intellectus
1644 3229 1805 3258 merces
1844 3220 1909 3254 est
1938 3212 2088 3253 fidei“.

275 3289 329 3330 cf.
362 3290 547 3332 Liebner
580 3292 630 3332 de
665 3294 834 3345 Hugone
866 3294 1037 3334 Victore
1068 3306 1105 3346 p.
1142 3293 1223 3331 173
1258 3303 1363 3343 seq,
1399 3297 1443 3331 ut
1473 3297 1632 3331 taceam
1666 3287 1938 3329 Abaelardum
1971 3283 2089 3323 illius

274 3360 422 3401 aetatis
454 3361 582 3402 facile
613 3363 888 3404 liberrimum.
931 3387 987 3393 —
1048 3362 1311 3404 Tralatitium
1354 3367 1418 3402 est
1460 3367 1624 3409 autem,
1669 3361 1798 3413 ipsam
1845 3356 2089 3408 scripturam

269 3433 379 3472 sacr.
415 3444 713 3486 saepenumero
752 3435 859 3475 viam
901 3435 1145 3476 rationalem
1189 3438 1539 3481 commonstrare,
1588 3443 1667 3484 qua
1712 3429 1898 3471 homines
1939 3426 1989 3466 ad
2023 3424 2090 3464 dei

274 3504 475 3544 exstantis
510 3504 808 3546 conscientiam
837 3506 1091 3558 perveniant.
1154 3504 1208 3545 cs.
1241 3503 1420 3546 Strauss.
1451 3503 1595 3553 Dogm.
1627 3500 1661 3542 Ι.
1699 3499 1743 3553 §.
1777 3501 1846 3541 21.
