2346 3912
885 259 1299 313 ...15-

157 406 323 482 Gon
378 405 491 457 eicle
547 404 710 458 selbot
761 422 860 456 aus
901 402 1103 468 ctu-as,
1157 405 1347 458 descen
1395 410 1495 456 wir
1542 420 1640 456 nm
1696 405 1778 456 als
1800 440 1803 442 -
1825 408 2002 456 seinos

188 504 440 556 Grandes·
463 502 688 555 bewuest
724 502 939 554 werden
964 504 1215 566 hoamen,
1255 503 1356 555 dae
1379 504 1494 554 also
1515 518 1651 554 vor
1687 502 1799 552 mul
1833 501 2003 554 iiber

185 601 319 653 ihm
358 606 523 660 mitre,
583 599 851 664 darmun,
900 598 1173 660 ableiten,
1224 602 1306 651 als
1355 616 1453 650 ans
1501 602 1700 650 neinem
1740 599 2003 667 Principe

186 701 460 751 evolvireu
500 699 747 748 lassen.“
820 696 995 762 Atque
1035 698 1158 748 inde
1198 696 1498 765 magnificis
1536 713 1663 747 sane
1702 694 1881 746 verbis
1920 697 2002 745 vii·

183 799 490 866 ingeniosus
515 797 710 860 repetit
731 801 935 845 tantum
963 793 1172 857 abesse,
1219 802 1277 846 ut
1302 795 1765 862 argumentatione
1792 810 1886 858 pro
1914 793 1998 843 dei

185 884 477 945 ehistentia
505 890 592 942 vel
632 891 865 943 feliciter
902 894 1150 945 instituta
1174 893 1307 944 utile
1336 893 1585 958 quiddam
1616 897 1999 956 perpetremu5‚

184 1000 243 1043 ut
277 991 431 1043 deum
474 993 645 1055 ipsum
679 992 848 1041 nostri
874 992 1258 1041 constituamus
1297 988 1628 1058 figmentum.
1705 986 1868 1039 Cadit
1906 987 2004 1038 hoc

183 1088 570 1153 quodammodo
627 1090 679 1138 in
740 1086 1148 1153 pantheisticam
1202 1087 1289 1139 dei
1327 1089 1636 1148 notionem,
1686 1103 1999 1150 quamquam

183 1183 312 1234 haec
361 1173 565 1249 quoque
620 1184 787 1236 multa
835 1188 891 1236 in
944 1192 1190 1250 promptu
1240 1184 1492 1250 haberet,
1540 1201 1674 1248 quae
1711 1190 1997 1251 regereret.

187 1281 402 1335 Atenim
427 1281 620 1332 fluctus
659 1285 918 1334 excitavit
955 1285 1010 1333 in
1049 1282 1279 1348 simpulo
1318 1301 1379 1333 ac
1404 1283 1519 1331 vix
1545 1283 1861 1345 perceperis,
1903 1297 2004 1344 quo

185 1378 396 1429 tandem
438 1378 596 1428 modo
637 1381 808 1429 virum
850 1379 1148 1429 subtilitate
1184 1380 1378 1445 judicii
1400 1377 1803 1443 haudquaquam
1836 1377 1998 1426 desti-

183 1484 350 1528 tutum
395 1478 681 1540 praeterire
706 1478 954 1540 potuerit,
994 1477 1171 1541 deum,
1209 1478 1364 1543 cujus
1394 1476 1688 1524 existentia
1728 1475 2000 1523 evincatur

185 1591 290 1624 non
343 1581 449 1625 tam
503 1574 718 1624 sibimet
766 1577 869 1639 ipsi
923 1574 1233 1638 persuaderi
1283 1580 1441 1638 atque
1483 1574 1559 1622 ita
1607 1568 1728 1620 fieri
1767 1568 1998 1630 demum,
2089 1636 2098 1645 ς

181 1674 526 1737 quasiantea
565 1689 669 1722 non
708 1671 901 1731 fuerit3
941 1672 1032 1722 sed
1073 1674 1129 1722 in
1167 1672 1527 1740 cognitionem
1565 1673 1774 1720 tantum
1813 1683 1996 1718 eorum

180 1772 478 1834 pervenire,
518 1771 607 1834 qui
634 1772 1099 1838 argumentatione
1126 1771 1379 1833 convicti,
1419 1770 1540 1836 ejus
1581 1764 1744 1818 fidem
1768 1763 2001 1828 amplec-

179 1874 376 1919 tantur.
452 1865 583 1917 Rem
635 1882 924 1932 sanequam
975 1866 1191 1918 facilem
1243 1885 1343 1918 acu
1391 1867 1571 1933 tetigit
1602 1866 1721 1931 jam
1762 1860 2001 1912 Thomas

178 1964 417 2030 Aquinas
457 1963 700 2034 (Summa
737 1963 778 2027 I,
818 1970 904 2030 89,
945 1965 1018 2030 3.)
1067 2002 1103 2028 „
1120 1964 1250 2015 deus
1291 1981 1397 2014 non
1448 1967 1530 2013 est
1563 1961 1823 2026 primum,
1864 1958 2001 2023 quod

181 2080 211 2112 a
248 2061 404 2112 nobis
442 2065 797 2130 cognoscitur,
837 2064 930 2114 sed
968 2065 1139 2131 magis
1177 2080 1272 2127 per
1292 2068 1567 2113 creaturas
1599 2061 1655 2109 in
1691 2057 1778 2107 dei
1816 2058 1997 2124 cogni-

178 2161 378 2210 tionem
417 2161 830 2224 prevenimuS.“
867 2190 936 2197 —

325 2255 437 2309 Nec
479 2259 701 2324 majoris
740 2259 995 2308 momenti
1036 2262 1130 2317 est,
1171 2257 1309 2321 quod
1348 2253 1608 2306 Dumms
1649 2251 1908 2321 (theolog.
1948 2270 1998 2317 p.

186 2359 303 2406 123.
346 2326 489 2417 138.{
540 2362 594 2405 et
631 2372 703 2404 DE
743 2354 1031 2407 WET'rlUs
1070 2353 1128 2419 (l.
1170 2371 1213 2403 c.
1253 2357 1303 2416 ξ.
1344 2356 1429 2404 33.
1470 2353 1728 2417 exeunte)
1766 2368 1998 2415 unquam

190 2468 286 2501 nos
315 2450 381 2500 ad
414 2450 567 2500 deum
598 2450 939 2517 cogitandum
981 2451 1148 2500 fuisse
1172 2455 1524 2514 perventuros
1558 2453 1770 2515 negant,
1810 2450 1856 2498 si
1893 2464 2005 2503 non,

161 2555 405 2599 ‘naturae
458 2546 682 2611 quadam
739 2549 1058 2598 necessitate
1106 2546 1192 2597 dei
1248 2546 1370 2598 idea
1425 2544 1580 2598 nobis
1630 2546 1794 2601 insita
1841 2551 1999 2597 esset.

110 2702 116 2708 ,
182 2644 263 2696 Ita
297 2644 340 2695 F
346 2661 572 2696 lcurms
611 2661 818 2713 quoque
874 2643 1104 2709 „Ueber
1154 2644 1258 2695 den
1312 2643 1508 2695 Grund
1554 2658 1777 2694 anseres·
1829 2641 1999 2694 Glau-

180 2741 308 2794 bene
356 2759 428 2792 cm
466 2746 589 2795 eine
625 2723 1463 2811 gc'ittlicke2Weltregierung‘f
1497 2743 1552 2791 in
1595 2740 1794 2808 philos.
1836 2740 1998 2790 Jour-

183 2842 279 2891 nal
311 2856 425 2890 von*
450 2837 648 2890 Fe'cltte
683 2838 796 2888 und
828 2836 1204 2889 Nz'etleammer
1253 2836 1400 2887 VIII.
1441 2855 1490 2901 p.
1530 2842 1580 2887 2.
1620 2866 1689 2874 -
1727 2836 1999 2889 STRAUSS.

189 2936 379 3005 Dogm.
420 2934 459 2987 1.
502 2954 548 3000 p.
588 2938 708 2987 379.
784 2933 1063 3002 Originem
1102 2934 1268 2986 trahit
1305 2933 1438 2984 haec
1463 2936 1731 2989 sententia
1768 2952 1844 2986 ex
1872 2952 1996 3002 psy-

183 3034 464 3102 chologiae
531 3032 653 3101 ejus
702 3030 1095 3097 penetralibuS,
1155 3049 1187 3082 a
1237 3048 1340 3095 qua
1383 3049 1482 3082 nos
1542 3032 1754 3097 quidem
1819 3007 1998 3085 sumus

183 3130 519 3201 alienissimi.
596 3129 770 3191 Quam
811 3146 924 3179 rem
972 3135 1031 3179 ut
1066 3128 1238 3179 fusius
1293 3146 1699 3194 persequamur,
1757 3130 1844 3181 hic
1892 3148 1999 3182 non

185 3236 267 3280 est
302 3228 470 3286 locus.
550 3228 731 3282 Verbo
767 3232 942 3278 autem
983 3228 1410 3289 memoraverim,
1448 3225 1579 3278 mihi
1618 3244 1834 3292 prorsus
1871 3245 1998 3278 con-

185 3327 369 3376 venire
393 3343 509 3377 cum
537 3325 849 3389 Aristotele,
876 3322 1076 3374 Loccio
1105 3329 1158 3373 et
1189 3320 1476 3388 Herbart0,
1515 3327 1605 3389 qui
1636 3325 1872 3374 animum
1897 3322 1995 3375 hu-

181 3441 395 3474 manum
435 3421 718 3488 „tabulam
758 3438 931 3472 rasam
949 3424 984 3450 “
1035 3419 1234 3472 habent
1271 3422 1426 3487 eique
1464 3420 1860 3474 inscribendum
1901 3421 1994 3473 de·
