2346 3912
1044 213 1467 266 „26-

342 365 558 430 (quippe
596 378 731 426 quae
769 358 1008 426 alioquin
1055 360 1193 411 hunc
1242 363 1411 426 ipsum
1453 363 1679 429 evertat)
1730 378 1966 412 amorem
2016 361 2168 415 illum

345 468 583 511 mutuum
626 460 788 510 etiam
829 441 971 509 inter
1010 475 1132 523 eos,
1172 460 1263 525 qui
1301 461 1612 511 interiorem
1651 463 1735 511 sui
1773 461 2021 511 notitiam
2062 477 2167 512 non

345 562 763 620 contraxerunt,
814 558 977 606 immo
1014 572 1400 621 saepenumero
1444 557 1511 609 de
1547 576 1606 609 se
1646 577 1712 610 ne
1754 558 1916 609 fando
1955 558 2167 623 quidem

344 662 505 708 antea
555 653 886 706 audiverunt.
946 651 1460 708 ·Verumenimvero
1499 658 1554 707 in
1595 673 1660 707 eo
1696 658 1847 722 ipso,
1899 654 2037 721 quod
2070 670 2173 729 μο-

346 755 515 806 stulac
568 751 666 802 lex
718 750 978 816 quaedam
1015 769 1282 819 amorem,
1333 757 1688 822 repugnantia
1733 754 1948 805 videtur
1981 751 2171 803 latere.

343 851 479 903 Nam
531 866 874 915 quaecunque
923 867 955 900 a
1006 850 1161 901 nobis
1212 849 1379 917 fiunt,
1433 858 1632 903 certam
1686 851 1921 917 aliquam
1974 849 2172 902 debent

345 966 561 1000 causam
599 949 715 998 sive
765 949 1081 1013 principium
1124 948 1353 1012 habere,
1393 950 1536 1001 unde
1574 949 1982 1015 proficiscantur
2017 967 2081 1001 ac
2124 951 2171 1000 si

345 1049 463 1111 quis
511 1063 727 1107 sensuS,
779 1063 882 1110 quo
930 1048 1273 1109 motitamur‚
1327 1063 1431 1097 non
1481 1054 1660 1113 potest
1709 1049 1915 1100 fontem
1951 1047 2166 1099 tandem

345 1146 586 1210 aperire,
627 1142 770 1194 unde
806 1146 878 1194 sit
914 1146 1110 1195 merito
1149 1143 1393 1208 haustuS,
1431 1147 1546 1196 sive
1572 1146 1619 1195 si
1653 1142 1801 1196 nulla
1825 1146 1994 1197 animi
2022 1161 2168 1196 com-

344 1245 476 1294 moti
517 1258 685 1293 cauea
732 1247 912 1306 potest
948 1260 1077 1293 vera
1115 1241 1352 1293 ostendi:
1406 1245 1453 1294 is
1493 1244 1610 1308 ipse
1650 1244 1816 1293 animi
1853 1248 2030 1294 motus
2068 1244 2169 1293 im·

344 1338 600 1404 probetur
648 1344 877 1404 oportet.
965 1339 1175 1392 Natura
1224 1339 1473 1392 absoluta
1523 1340 1735 1406 quidem
1786 1339 2018 1407 (deus),
2068 1358 2171 1406 qua

347 1438 592 1501 superius
644 1440 870 1506 cogitari
921 1457 1029 1490 non
1083 1444 1262 1504 potest
1297 1440 1486 1503 cuique
1534 1446 1595 1491 ut
1634 1445 1858 1491 naturae
1895 1436 2174 1489 absolutae

347 1553 415 1586 ne
451 1533 549 1586 lex
574 1536 787 1603 quidem
815 1542 877 1587 ut
912 1539 1158 1601 superius
1196 1536 1444 1604 quiddam
1470 1541 1616 1588 recte
1652 1537 1988 1601 proponitur,
2033 1535 2173 1600 quod

341 1631 468 1682 inde
495 1639 637 1683 esset
664 1650 811 1683 nexa
840 1651 938 1684 nec
961 1636 1126 1702 igitur
1152 1639 1344 1685 natura
1363 1633 1640 1687 absoluta:
1668 1651 1761 1685 cur
1793 1632 1896 1686 hoc
1921 1633 2010 1685 vel
2034 1633 2169 1686 illud

341 1728 476 1781 velit
527 1729 729 1782 nullam
788 1730 951 1791 habet
1003 1750 1219 1784 causam
1258 1735 1364 1784 nisi
1403 1734 1572 1798 ipsius
1609 1731 1962 1785 voluntatem.
2035 1731 2173 1786 Vult

341 1830 419 1878 ita
456 1830 617 1879 sicuti
655 1827 802 1894 vult,
854 1832 979 1894 quia
1027 1830 1146 1883 vult
1193 1833 1229 1883 i.
1271 1849 1318 1883 e.
1373 1834 1622 1896 quoniam
1676 1838 1868 1884 natura
1921 1834 2044 1900 ejus
2094 1833 2171 1882 ita

340 1926 678 1989 potissimum
725 1928 851 1980 fert.
922 1927 1109 1998 Longe
1154 1929 1314 1981 aliter
1366 1931 1533 1981 animi
1582 1928 1725 1982 finiti
1762 1948 1806 1983 S.
1846 1930 2168 1996 imperfecti,

342 2023 590 2087 quinon
642 2028 966 2078 necessitate
1028 2030 1243 2079 interna
1292 2035 1418 2096 sunt
1467 2028 1606 2098 quod
1659 2034 1810 2094 sunt,
1870 2028 1965 2080 sed
2031 2026 2170 2079 fiunt

340 2121 584 2173 demum:
636 2124 775 2189 quod
807 2131 868 2177 ut
913 2128 1023 2178 sint
1061 2133 1284 2178 naturae
1321 2126 1442 2195 lege
1482 2124 1908 2178 commonefiunt:
1940 2124 2169 2190 ideoque

340 2237 717 2287 usquequaque
769 2242 864 2275 cur
905 2232 960 2276 et
1011 2226 1277 2290 quomodo
1332 2224 1432 2276 hoc
1482 2224 1572 2276 vel
1610 2224 1745 2276 illud
1795 2229 1850 2275 et
1884 2221 2057 2274 velint
2113 2230 2167 2274 et

338 2324 535 2388 agant,
595 2320 662 2370 ad
711 2320 911 2373 claram
964 2322 1069 2375 sibi
1122 2325 1559 2389 perspicientiam
1609 2323 1900 2389 perducere
1951 2319 2165 2372 debent.

335 2416 456 2468 Jam
481 2422 732 2469 convenit
771 2418 985 2483 quidem
1022 2421 1166 2472 inter
1202 2438 1298 2472 nos
1324 2420 1599 2486 postulare
1643 2426 1868 2472 naturae
1906 2419 2166 2484 ordinem,

338 2521 395 2566 ut
433 2518 574 2566 inter
612 2534 708 2567 nos
745 2535 1004 2568 amemus.
1081 2517 1189 2570 Sed
1228 2520 1562 2585 quaerendus
1587 2521 1709 2571 fons
1742 2519 1908 2587 hujus
1946 2519 2167 2582 amoriS,

336 2621 395 2665 ut
444 2612 554 2682 legi
605 2592 942 2665 necessariae
981 2606 1295 2668 satisfacere
1335 2634 1604 2685 queamus.
1680 2617 1779 2669 Est
1826 2602 2007 2666 autem
2045 2615 2167 2665 fons

336 2716 470 2777 iste,
536 2711 710 2778 qualis
771 2718 955 2764 nostra
1018 2714 1233 2779 quidem
1298 2720 1380 2767 est
1440 2715 1720 2780 condicio,
1786 2715 1901 2765 fere
1960 2711 2168 2778 triplex

335 2819 429 2862 aut
464 2810 562 2862 lex
600 2812 719 2876 ipsa
757 2817 851 2862 aut
887 2814 944 2877 ii,
985 2812 1177 2881 quibus
1203 2812 1340 2864 bene
1363 2830 1556 2878 cupere
1584 2830 1647 2864 ac
1677 2813 1857 2864 facere
1890 2810 2165 2874 debemus,

334 2917 428 2960 aut
467 2915 677 2960 nosmet
729 2911 849 2974 ipsi.
927 2910 1173 2980 Agedum
1209 2911 1517 2976 videamuS,
1558 2929 1683 2963 num
1717 2927 1870 2963 amor
1907 2908 2003 2962 ille
2039 2925 2167 2963 vere

336 3006 464 3059 binc
500 3007 702 3059 hauriri
744 3015 920 3072 queat.

479 3106 529 3171 1)
565 3104 780 3157 Primae
816 3111 1181 3172 responsionis
1223 3109 1384 3160 cardo
1424 3111 1652 3160 vertitur
1689 3110 1746 3158 in
1785 3124 1870 3172 eo,
1909 3105 2049 3171 quod
2085 3103 2180 3155 le-.

337 3221 457 3272 gem
484 3206 620 3255 satis
655 3222 777 3256 esse
799 3208 1128 3260 contendunt
1167 3208 1236 3259 ad
1259 3224 1494 3259 amorem
1522 3205 1676 3258 illum
1705 3202 2167 3269 exsuscitandam,

336 3303 793 3369 conservandum,
853 3306 1211 3359 nutriendum.
1307 3306 1448 3359 Nam
1507 3292 1807 3375 memoratu
1861 3304 1961 3354 vix
2019 3301 2168 3370 digni

340 3407 463 3451 sunt
499 3403 573 3464 ii,
620 3403 711 3467 qui
748 3405 866 3455 sine
902 3403 1017 3455 ullo
1064 3423 1249 3457 amore
1285 3406 1483 3457 rationi
1523 3402 1606 3455 illi
1643 3407 1893 3466 mutuae,
1931 3419 2035 3468 qua
2070 3417 2166 3451 na-

342 3505 462 3549 tura
487 3497 748 3551 homines
800 3506 1164 3568 constrinxit,
1213 3501 1470 3556 satisfieri
1521 3519 1680 3567 posse
1727 3501 1992 3554 dictitent.
2085 3495 2166 3550 lta
