2346 3912
1038 214 1458 268 -..13--ᾤ

340 363 585 430 equidem
637 368 752 414 toto
804 368 1017 427 pectore
1060 359 1195 411 hanc
1238 358 1538 412 HuussAa’rr
1588 363 1911 413 sententiam
1962 370 2018 416 et
2056 366 2159 416 viri

341 462 650 526 ceteroquin
689 460 1097 525 haudquaquam
1140 458 1255 524 (qui
1292 475 1443 511 meus
1481 477 1691 525 semper
1717 461 1772 510 in
1801 462 1922 528 ejus
1948 462 2162 525 scriptis

341 559 648 612 lectitandis
699 558 801 609 fuit
850 560 1060 621 sensus)
1112 555 1493 607 modestissimi
1543 573 1775 623 agnosco
1824 556 2160 610 modestiam.

341 657 828 709 Verumenimvero
880 653 1012 704 haec
1064 653 1250 706 eadem
1298 656 1438 705 ratio
1477 653 1622 705 cadit
1659 656 1822 706 etiam
1862 656 1917 705 in
1956 653 2164 707 mathe-

342 759 559 809 maticas
598 754 1084 804 demonstrationes
1123 755 1177 802 et
1209 749 1412 818 logicas
1443 751 1556 803 fere
1584 769 1770 804 omnes
1796 770 1893 805 nec
1925 754 1981 804 iu
2009 769 2162 805 usum

343 854 526 903 vocari
564 849 792 902 debebat
829 868 862 901 a
900 848 1253 900 Duomscmo
1308 848 1368 915 (l.
1412 851 1478 915 c.)
1528 849 1593 900 ad
1639 848 2165 902 verisimilitudinem

342 951 642 1019 argumenti
680 946 992 1016 teleologici
1032 944 1419 1009 excusandam,
1461 964 1595 1011 quae
1634 945 1793 1015 longe
1833 953 1916 999 est
1950 947 2165 999 diversa

343 1054 398 1099 et
435 1047 591 1111 plane
631 1045 816 1098 eadem
868 1037 1142 1105 habenda,
1194 1047 1354 1106 atque
1404 1059 1537 1106 quae
1590 1045 1754 1111 vulgo
1803 1042 1902 1094 hoc
1951 1047 2167 1097 nomine

344 1146 639 1209 nuncupari
664 1142 819 1194 solet.
894 1141 1043 1192 Haec
1071 1141 1235 1207 igitur
1261 1137 1571 1204 infirmium,
1611 1146 2039 1208 argumentorum
2072 1160 2168 1210 pro

341 1241 425 1291 dei
468 1241 760 1291 existentia
796 1241 1017 1290 minime
1070 1243 1153 1288 est
1207 1239 1442 1302 propria.
1518 1240 1787 1302 „Atenim
1826 1248 2167 1307 argumenta·

340 1340 517 1389 tiones
567 1336 981 1389 mathematicae
1035 1334 1195 1403 longe
1246 1334 1501 1387 clariores
1554 1342 1679 1388 sunt
1732 1342 1786 1386 et
1838 1338 2113 1389 certiores.
2131 1342 2168 1369 “

341 1436 517 1488 Audio
558 1436 829 1501 equidem3
869 1434 962 1485 sed
1005 1450 1202 1499 quaero
1239 1433 1381 1485 undo
1420 1435 1497 1485 ita
1537 1435 1625 1484 sit.
1706 1433 1978 1487 Videlicet
2011 1454 2170 1504 argu-

343 1539 524 1583 menta
551 1531 930 1584 mathematica
958 1532 1077 1582 ideo
1106 1529 1334 1581 clariore
1361 1530 1481 1597 luce
1507 1532 1757 1583 videntur
1782 1533 1999 1597 perfusa
2029 1550 2167 1597 esse,

340 1630 479 1696 quod
520 1632 576 1680 in
615 1631 891 1693 principiis
928 1628 1210 1680 adm‘odum
1251 1630 1547 1694 perspicuis
1587 1631 1800 1681 etiamsi
1835 1627 1985 1681 nulla
2012 1646 2167 1698 argu-

340 1729 672 1778 mentatione
728 1728 1196 1791 commonstratis,
1263 1727 1357 1778 sed
1408 1727 1719 1780 immediata
1772 1727 1996 1792 quadam
2048 1745 2167 1792 per·

340 1828 587 1892 ceptione
624 1825 830 1890 positis,
872 1825 949 1874 ita
987 1826 1248 1889 nituntur,
1283 1831 1343 1877 ut
1373 1827 1705 1896 singulorum
1733 1831 2168 1894 argumentorum

334 1908 946 1992 junctura-saepissime
985 1923 1056 1972 sit
1093 1924 1343 1974 instituta
1391 1924 1456 1974 ad
1507 1925 1708 1975 formas
1745 1921 2168 1976 universaliores

341 2027 394 2072 et
432 2018 791 2084 simpliciores
829 2025 988 2083 atque
1028 2022 1382 2084 perspicuitas
1422 2039 1485 2072 ea
1521 2022 1646 2072 inde
1681 2019 1983 2084 oboriaturj
2031 2037 2167 2085 quae

341 2125 501 2170 extra
539 2133 752 2168 omnem
793 2115 1181 2168 dubitationem
1210 2121 1387 2184 posita
1414 2121 1485 2170 sit
1512 2137 1732 2170 necesse
1758 2136 1876 2170 esse
1903 2118 2167 2170 videatur.

340 2214 482 2276 Quid
522 2221 605 2266 est
642 2216 803 2281 igitur
827 2213 1155 2265 discriminis
1182 2214 1249 2265 ab
1277 2217 1605 2283 argumentis
1633 2232 1728 2278 pro
1758 2215 1846 2268 dei
1874 2217 2171 2267 existentia

340 2310 666 2363 offerendis?
741 2308 936 2361 Nonne
977 2309 1107 2360 haec
1161 2319 1214 2362 et
1263 2314 1378 2376 ipsa
1418 2313 1697 2377 principiis
1739 2314 2037 2376 superstrui
2073 2312 2167 2364 de-

341 2409 495 2467 bent,
549 2425 684 2471 quae
736 2415 829 2459 aut
867 2412 1195 2467 conscientia
1234 2409 1419 2460 sedulo
1458 2426 1691 2461 excussa
1731 2410 2172 2463 commendentur

339 2511 432 2555 aut
469 2507 686 2555 omnino
726 2507 803 2556 ita
841 2507 949 2556 siut
991 2506 1260 2570 stabilita,
1311 2514 1370 2557 ut
1420 2507 1745 2558 dubitationi
1795 2526 1902 2560 uon
1938 2501 2171 2575 amplius

341 2609 432 2652 aut
471 2603 579 2652 sint
617 2606 711 2651 aut
748 2600 981 2653 debeant
1018 2619 1135 2652 esse
1177 2603 1489 2670 subjectae?
1563 2603 1756 2655 Nonne
1784 2614 1993 2670 purten,
2034 2623 2170 2671 quaa

341 2699 407 2749 ad
455 2697 768 2765 hujusmodi
811 2701 1006 2750 mentis
1032 2698 1340 2752 aedificium
1371 2702 1759 2754 exstruendum
1789 2710 2167 2772 coagmentari·

340 2803 446 2860 tur,
484 2801 708 2848 interna
741 2805 1130 2862 componuntur
1157 2799 1515 2868 necessitate?
1576 2799 1637 2854 In
1666 2817 1902 2851 errorem
1930 2801 2169 2854 incidere

343 2909 623 2958 possumus
676 2897 878 2958 pariter
926 2903 1086 2961 atque
1135 2897 1190 2946 in
1228 2896 1388 2948 rebus
1427 2896 1820 2949 mathematicis
1857 2899 2203 2964 tractandis,'

344 2992 659 3054 praesertim
701 3008 858 3055 quum
899 2996 1241 3059 quaestiones
1279 2992 1363 3046 his
1402 2997 1457 3046 iu
1494 2994 1654 3046 rebus
1692 2993 1983 3047 solvendae
2013 2995 2171 3066 longo

342 3087 451 3137 sint
500 3084 833 3140 difficiliores
885 3097 937 3141 et
987 3091 1355 3162 impeditiores
1406 3111 1503 3145 uec
1551 3081 1659 3155 tam
1710 3110 1872 3159 saepe
1907 3098 2169 3159 remotae,

343 3200 499 3247 quam
540 3189 880 3249 quaestiones
921 3187 1330 3242 mathematicae
1370 3222 1433 3229 —
1475 3208 1658 3242 verum
1694 3188 1924 3241 firmitas
1951 3207 2170 3256 persua·

343 3282 508 3331 sionis
563 3285 871 3351 utriusque,
934 3287 1185 3351 quamdiu
1238 3287 1392 3339 nobis
1443 3290 1647 3340 conscii
1700 3305 1913 3351 sumuS,
1962 3305 2172 3340 summa

342 3392 458 3426 cum
497 3382 745 3431 cautione
783 3383 839 3433 in
874 3400 932 3433 re
972 3383 1299 3451 disponenda
1337 3393 1391 3438 et
1428 3384 1772 3437 dilucidanda
1801 3392 2047 3441 versatos
2069 3402 2167 3436 nos

341 3469 538 3537 fuisse,
580 3480 705 3539 quin
745 3481 817 3529 sit
844 3480 1028 3531 eadem
1054 3488 1212 3547 atque
1237 3485 1291 3534 in
1318 3484 1719 3550 quaestionibus
1746 3484 1967 3549 reliquis
1994 3484 2167 3536 omni·
