2346 3912
1026 195 1403 247 ...8-

302 360 400 394 nec
439 343 658 392 omnino
699 346 782 391 est
821 340 1043 405 idonea,
1095 356 1230 405 quae
1267 341 1433 391 totius
1471 340 1746 391 doctrinae
1787 338 2121 407 dogmaticae

298 440 618 505 principium
657 440 1031 490 constituatur.
1126 436 1294 488 Immo
1334 436 1434 489 hac
1473 440 1586 503 ipsa
1624 441 1679 489 in
1717 455 1775 489 re
1813 435 2122 506 theologiae

300 537 984 588 SCELEIERMACHERIANAE
1011 554 1157 586 error
1185 535 1495 602 principalis
1519 537 1826 587 continetur
1853 552 1951 586 nec
1977 553 2126 604 argu·

299 643 535 686 mentum
578 652 672 699 pro
712 633 797 684 dei
837 635 1135 685 existentia
1177 635 1299 685 istic
1337 640 1516 700 potest
1553 633 1782 685 fundari.
1857 630 2126 685 Nimirum

300 733 483 783 statim
539 730 638 781 boc
687 730 806 781 loco
858 730 1074 783 disertis
1130 730 1307 783 verbis
1358 728 1645 797 profiteor,
1696 730 2126 797 quandoquidem

301 835 482 880 nostra
519 827 728 893 quidem
771 831 1029 879 memoria
1068 846 1175 879 non
1213 835 1401 893 sponte
1439 826 1790 896 intelligitur:
1832 829 1988 880 deum
2019 846 2125 879 non

300 925 546 994 intelligo
587 927 690 977 nisi
722 942 1011 995 personam
1046 933 1101 979 et
1136 944 1346 977 omnem
1389 944 1473 976 me
1513 926 1810 977 doctrinam
1850 924 1938 977 vel
1968 943 2125 994 argu—

299 1026 719 1088 mentationem,
760 1042 894 1089 quae
933 1022 1218 1090 profitetur
1256 1022 1652 1089 pantheismum
1688 1025 1723 1073 i.
1759 1041 1805 1075 e.
1837 1022 2125 1074 deum-im·

299 1120 633 1186 personalem
653 1159 667 1185 ,
710 1120 907 1172 habere
941 1121 1278 1172 atheismum.
1364 1119 1476 1172 Nec
1507 1122 1846 1188 arrogantiae
1875 1119 1927 1170 id
1955 1126 2131 1185 potest

301 1217 552 1282 attribui,
593 1236 748 1283 quum
791 1220 916 1271 inde
950 1220 1016 1271 ab
1042 1221 1432 1285 antiquissimis
1463 1217 1792 1283 temporibus
1820 1217 1907 1270 dei
1937 1236 2130 1270 nomen

301 1334 510 1382 semper
565 1317 678 1368 fere
724 1333 996 1385 personae
1044 1319 1207 1369 fuerit
1259 1318 1487 1369 inditum
1541 1323 1700 1380 atque
1750 1322 1809 1367 ut
1860 1333 2134 1385 personae

299 1415 600 1483 designatio
638 1432 732 1480 per
769 1413 1048 1483 religionis
1087 1413 1379 1478 revelatae,
1420 1417 1578 1482 cujus
1617 1431 1811 1465 nomen
1842 1420 2132 1482 gestamus,

301 1514 674 1564 auctoritatem
718 1515 788 1563 sit
818 1520 1203 1564 consecratum.
1282 1512 1510 1563 Minime
1542 1513 1678 1581 fugit
1706 1530 1809 1576 me,
1849 1511 1987 1577 quod
2015 1509 2132 1562 ΗΕ-

303 1627 504 1662 GELIUS
533 1611 577 1677 *)
630 1617 787 1674 atque
840 1613 1058 1661 omnino
1111 1610 1296 1661 schola
1347 1609 1650 1678 Hegeliana
1692 1611 1932 1660 severior
1971 1609 2044 1676 (v.
2085 1627 2152 1662 c..

305 1706 669 1758 Matheinecc.
728 1716 780 1757 et.
827 1706 1197 1759 Schweizerus
1246 1707 1380 1758 adeo
1435 1711 1488 1758 in
1542 1707 1888 1759 concionibus
1941 1708 2134 1774 sacris)

303 1804 697 1871 pantheismum
740 1808 1072 1857 ‘intruserunt
1111 1805 1361 1874 religioni
1403 1804 1730 1857 christianae
1767 1812 1821 1857 et
1858 1806 2134 1858 doctrinae

306 1903 721 1954 ecclesiasticae.
804 1903 1005 1955 Verum
1059 1903 1158 1954 hoc
1211 1922 1315 1954 non
1370 1911 1580 1969 poterat
1619 1902 1863 1955 accidere
1906 1905 2007 1955 nisi
2048 1905 2135 1968 iis,

304 2005 391 2067 qui
433 2009 524 2053 aut
565 2002 837 2070 ejusmodi
875 2003 1137 2067 principia
1167 2001 1571 2054 hermeneutica
1596 2001 1902 2067 probarent,
1944 2000 2136 2067 quibus

307 2098 434 2150 olim
476 2098 684 2151 ΚΑΝΤΠ
727 2102 1108 2170 interpretatio
1134 2100 1355 2152 moralis
1389 2100 1659 2152 nitebatur
1686 2106 1779 2152 aut
1805 2101 1923 2151 sani
1948 2115 2137 2150 sensus
2182 2171 2185 2174 .

306 2200 577 2265 exegetici
618 2206 797 2251 essent
836 2206 1108 2265 expertes.
1186 2198 1305 2250 Non
1362 2216 1489 2250 curo
1540 2199 1785 2264 equidem
1839 2194 1941 2248 hoc
1995 2194 2135 2259 loco,

307 2296 396 2347 ubi
441 2295 575 2348 hanc
614 2314 723 2348 rem
767 2298 938 2365 magis
976 2295 1085 2348 levi
1126 2296 1345 2348 brachio
1381 2303 1621 2349 tacturus
1661 2313 1778 2347 sum
1820 2311 1974 2359 quam
2017 2309 2137 2359 per-

306 2401 613 2459 secuturus,
676 2393 758 2445 vel
811 2393 854 2444 F
860 2393 1083 2445 ichtium
1140 2394 1486 2463 (juniorem)
1552 2393 1639 2446 vel
1691 2392 1989 2446 Weissium
2051 2387 2138 2441 vel

304 2490 578 2543 Hannium
624 2490 709 2544 vel
751 2490 921 2557 alios,
975 2495 1063 2562 qui
1113 2497 1412 2545 recentiore
1462 2499 1701 2558 tempore
1741 2488 2139 2558 pantheismum

307 2597 683 2658 coagmentare
724 2589 1045 2640 studuerunt
1082 2607 1201 2641 cum
1243 2590 1448 2642 deismo
1486 2597 1646 2657 atque
1675 2593 1753 2642 ita
1778 2604 1900 2639 mea
1926 2584 2137 2652 quidem

306 2689 653 2750 persuasione
682 2692 735 2738 et
765 2686 1026 2739 deismum
1054 2686 1531 2754 et‘pantheismum
1560 2691 1930 2755 corruperunt.
1998 2682 2138 2736 Illud

309 2802 435 2835 vero
478 2786 530 2835 in
570 2784 755 2836 oculos
795 2787 1050 2851 incurrit,
1090 2789 1135 2838 si
1176 2789 1294 2853 quis
1333 2785 1418 2838 vel
1456 2785 1787 2839 materaliter
1813 2791 1872 2837 ut
1898 2783 2138 2836 SPINozA

309 2887 363 2932 et
402 2882 814 2938 ScuaLLrNG-ms
857 2883 944 2935 vel
985 2884 1236 2937 idealiter
1286 2893 1345 2938 ut
1386 2884 1686 2937 -Hmssmus
1738 2884 1833 2952 (cf.
1876 2882 2141 2948 imprimis

308 2978 631 3032 vermz'sclcte
670 2978 958 3045 Schriften
996 2991 1123 3037 tom.
1150 2982 1338 3037 XVII.
1377 3003 1427 3050 p.
1455 2983 1547 3053 9.),
1584 2986 1742 3053 cujus
1780 2983 2026 3051 vestigiis
2058 2982 2141 3032 in-

310 3078 564 3129 stiterunt
582 3077 842 3132 DAUssms
875 3081 1132 3153 (theolog.
1165 3103 1209 3150 p.
1238 3084 1380 3150 111.)
1414 3081 1698 3135 MARHEIN.
1731 3077 2142 3148 (Grundlelaeren

310 3175 409 3226 der
436 3175 642 3242 ckrz‘stl.
677 3177 935 3249 Dogmat.
980 3188 1027 3233 2.
1062 3184 1235 3253 Ausg.
1268 3187 1421 3235 1829.
1454 3201 1502 3248 p.
1529 3186 1614 3234 67.
1645 3185 1729 3232 88.
1754 3179 1865 3247 **).)
1905 3177 1970 3229 cf.
2001 3175 2138 3228 Hm.

425 3347 470 3400 *)
506 3346 684 3389 Maxime
721 3351 760 3390 in
794 3352 1100 3406 „philosophia
1130 3354 1348 3405 religionis
1365 3355 1404 3402 “‚
1436 3351 1569 3391 minus
1606 3350 1645 3388 in
1679 3346 2113 3401 „Encyclopaedia“.

399 3413 472 3469 ΗΕ)
509 3432 543 3470 p.
580 3420 647 3460 88.
684 3421 792 3469 „Es
823 3423 880 3462 ist
913 3423 993 3464 dns
1023 3424 1197 3466 Denken
1229 3425 1303 3466 des
1340 3424 1514 3467 Wesens
1540 3421 1706 3471 Gottes,
1739 3418 1920 3462 welches
1949 3416 2041 3459 sich
2072 3416 2142 3456 als

313 3487 393 3525 das
426 3486 559 3529 Seiva
594 3490 741 3531 Gottes
772 3491 1040 3536 bestivmne.“
1101 3511 1140 3549 p.
1175 3497 1247 3539 91.
1280 3495 1378 3548 „Es
1408 3496 1465 3535 ist
1500 3493 1600 3534 Gon
1632 3503 1774 3537 nul·
1805 3491 1875 3532 als
1906 3489 1986 3530 das
2023 3486 2141 3531 Wis-
