2346 3912
0 2161 24 2346 -ssmaystmz
0 2027 12 2051 w
17 1979 19 1991 .„

36 2114 51 2122 Ι

965 258 1383 311 ..27-

257 409 371 457 tota
395 403 527 455 haec
553 402 745 474 agendi
769 404 1096 457 consuetudo
1122 392 1361 457 recurret
1388 403 1605 456 tandem
1629 404 1695 455 ad
1721 403 2078 469 mendacium,

260 504 451 569 quippe
475 520 609 568 quae
640 499 858 553 simulet
883 519 1139 567 amorem,
1179 506 1334 572 cujus
1361 519 1575 569 prorsus
1605 507 1686 553 est
1710 519 1924 567 expers.
1998 501 2080 555 Ac

259 603 306 652 si
347 618 529 652 verum
569 602 904 666 quael-imm,
941 598 1272 652 revolvimur
1308 600 1375 652 ad
1415 602 1709 670 egoismum
1748 599 1898 665 (nolo
1938 602 2079 651 enim

261 697 442 750 dicere
499 696 619 762 „ad
666 715 901 749 amorem
952 701 1120 750 nostri
1172 702 1407 764 ipsorum
1463 700 1685 752 nimium
1703 700 1739 727 “
1803 697 2080 749 brevitatis

176 835 179 838 -
259 796 460 864 gratia)
484 801 736 861 tanquam
767 813 1029 847 summum
1066 798 1415 862 principium;
1455 795 1664 873 scilicet
1689 795 1811 847 ideo
1839 797 2083 861 quamvis

261 909 443 945 amore
465 892 726 957 destituti,
756 896 952 945 amoris
981 895 1212 958 speciem
1244 912 1372 959 prae
1400 912 1459 946 se
1482 895 1680 959 ferunt,
1713 897 1836 958 quia
1858 898 2081 944 naturae

261 990 449 1042 ordine
496 992 602 1043 isto
654 990 895 1056 illibato,
956 991 1060 1043 sibi
1112 1009 1320 1058 quoque
1369 992 1506 1044 bene
1557 992 1795 1043 futurum
1842 997 2077 1055 sperant.

268 1087 550 1140 Sectantur
602 1091 766 1157 igitur
816 1092 978 1140 etiam
1030 1092 1119 1141 isti
1159 1107 1372 1142 causam
1422 1108 1464 1141 S.
1506 1090 1822 1155 principium
1871 1089 2083 1158 agendi,

263 1185 330 1236 de
368 1202 471 1252 quo
510 1186 661 1238 infra
689 1186 989 1239 disserendi
1028 1189 1397 1254 opportunitas
1435 1189 1539 1239 erit
1575 1185 1775 1238 oblata.
1817 1215 1888 1224 --
1928 1187 2086 1239 Redit

266 1299 396 1333 vero
432 1285 636 1348 oratio,
689 1285 831 1336 unde
867 1285 1163 1351 paullulum
1205 1286 1445 1354 digressa
1482 1285 1602 1336 fuit.
1691 1283 1766 1336 Iis
1819 1289 1962 1337 enim
1999 1304 2084 1339 re·-

267 1383 516 1444 sponsuri
554 1397 783 1445 eramuS,
822 1384 912 1446 qui
948 1381 1123 1450 legem
1163 1390 1386 1434 naturae
1424 1385 1596 1447 ipsam
1635 1389 1695 1435 ut
1730 1385 1904 1453 Iegem
1930 1384 2086 1437 suffi-

265 1494 386 1528 cere
426 1477 494 1528 ad
533 1494 767 1529 amorem
800 1476 956 1529 illum
994 1479 1341 1530 excitandum
1382 1484 1435 1530 et
1473 1479 1924 1532 corroborandum
1965 1486 2086 1534 exi-

267 1576 505 1629 stiment.
591 1575 720 1627 Fuit
769 1575 901 1627 haec
956 1579 1074 1645 jam
1123 1577 1428 1629 Stoicorum
1478 1579 1777 1643 sententia,
1836 1579 2088 1634 similiter

267 1671 592 1726 Aristoteles
631 1673 815 1739 (ethic.
842 1673 881 1724 I.
911 1693 954 1725 c.
995 1675 1065 1742 9.)
1104 1693 1165 1726 ac
1202 1678 1680 1726 nostra-memoria
1701 1674 1834 1727 haec
1872 1683 2088 1728 senten-

264 1771 343 1819 tia
382 1787 575 1838 magna
608 1788 726 1823 cum
750 1774 1018 1840 gravitate
1054 1782 1137 1824 est
1174 1773 1449 1824 venditata
1487 1779 1542 1824 et
1568 1791 1600 1824 a
1625 1772 1826 1826 Kantio
1864 1777 2088 1843 ejusque

269 1866 492 1918 asseclis
540 1885 708 1933 usque
760 1869 827 1919 ad
878 1870 1115 1921 taedium
1162 1888 1326 1935 prope
1361 1873 1592 1936 repetita
1619 1871 1686 1939 *).
1764 1870 2088 1924 Commoue-

269 1981 387 2015 mur
443 1963 548 2017 hoc
590 1965 710 2018 loco
760 1967 933 2018 denuo
984 1967 1364 2032 vehementer,
1410 1975 1741 2034 quantopere
1790 1971 2088 2023 cavendum

269 2060 429 2113 nobis
464 2065 566 2127 sit,
617 2082 684 2115 ne
733 2065 1017 2129 praesidiis
1058 2065 1353 2134 neglectis,
1404 2083 1542 2130 quae
1587 2067 1927 2132 providentia
1975 2072 2089 2135 ipsa

271 2157 425 2210 nobis
462 2161 855 2227 suppeditavit,
902 2164 963 2213 in
995 2180 1207 2215 errores
1250 2166 1367 2232 jam
1406 2163 1601 2215 dudum
1654 2164 1913 2230 explosos
1948 2170 2088 2219 reci-

267 2255 486 2322 damuS,
537 2275 673 2309 neve
709 2261 767 2311 in
801 2277 864 2311 eo
903 2262 1022 2325 ipso
1060 2260 1403 2331 magnificum
1442 2264 1627 2313 nescio
1662 2263 1788 2329 quid
1825 2268 2091 2330 reperisse

270 2353 425 2405 nobis
448 2355 743 2409 videamur.
816 2357 1105 2423 Postquam
1127 2362 1184 2411 in
1207 2378 1269 2411 re
1295 2359 1702 2426 haudquaquam
1736 2367 1850 2413 tam
1875 2361 2091 2415 difficili

268 2451 337 2502 ad
366 2451 789 2519 dijudicandum,
823 2459 939 2506 tota
966 2457 1258 2520 antiquitas
1291 2455 1613 2522 philosopha
1650 2459 1843 2508 mirum
1881 2460 1939 2509 in
1976 2478 2092 2511 mo-

271 2548 398 2600 dum
419 2548 676 2603 fluctuata
701 2551 837 2612 {uin
867 2550 1128 2604 KAN'rms
1152 2554 1299 2616 (crit.
1322 2559 1492 2618 praet..
1513 2560 1613 2604 rat.
1640 2572 1689 2619 p.
1722 2557 1842 2606 158.
1874 2554 2091 2608 Grund-

267 2649 476 2717 Iegung
513 2647 613 2700 der
649 2647 836 2702 Sittena
872 2670 923 2716 p.
967 2653 1049 2702 13.
1089 2649 1199 2716 63.)
1247 2648 1386 2702 hanc
1424 2652 1746 2702 sententiam
1784 2657 2093 2706 sexcenties

270 2747 559 2810 repetitam
583 2745 943 2814 promulgavit
980 2765 1141 2799 verae
1169 2765 1231 2800 ac
1267 2750 1509 2799 sincerae
1534 2751 1750 2800 virtutis
1776 2752 2093 2815 principium

275 2845 422 2893 cerni
473 2844 530 2895 in
568 2842 684 2894 solo
723 2845 1047 2908 imperativo
1091 2846 1180 2908 qui
1219 2844 1446 2908 dicitur,
1504 2847 1824 2913 categorico.
1894 2846 1940 2896 E
1978 2847 2095 2899 sola

274 2940 431 3009 lege,
476 2940 569 2992 ubi
606 2939 774 2992 semel
824 2939 923 2991 lex
958 2945 1039 2992 est
1074 2943 1288 3009 agnita,
1340 2958 1556 2993 omnem
1601 2949 1842 2994 nostram
1877 2946 2094 2997 virtutis

275 3036 578 3103 implendae
608 3041 717 3091 vim
756 3038 1026 3105 proficisci
1064 3038 1287 3091 debere:
1321 3041 1413 3106 qui
1445 3039 1594 3092 aliud
1629 3039 1793 3109 hujus
1816 3042 2094 3094 facultatis

275 3141 331 3187 et
356 3138 588 3187 actionis
615 3144 836 3202 quaerat
860 3139 1197 3203 principium,
1236 3155 1359 3189 eum
1385 3155 1420 3188 a
1442 3155 1696 3207 germana
1720 3140 1920 3191 virtute
1947 3124 2093 3191 defe-

276 3235 414 3285 cisse
432 3234 802 3302 judicandum.
878 3232 1024 3296 Quid
1048 3236 1216 3303 igitur
1234 3237 1452 3301 mirum,
1477 3236 1615 3302 quod
1639 3239 1919 3302 „amoris“
1946 3240 2089 3303 prin-

391 3467 439 3526 *)
471 3469 602 3513 Multa
637 3474 809 3524 egregie
842 3474 893 3513 de
925 3472 1072 3514 Hantio
1111 3474 1338 3527 disputavit
1367 3475 1625 3518 Hartensten.
1685 3475 1835 3517 Ethica
1866 3477 1962 3518 inde
1998 3491 2021 3518 a
2052 3491 2092 3531 p.

278 3543 349 3583 58.
381 3541 434 3582 cf.
470 3539 663 3584 clusium
692 3543 1034 3596 Reaeqionstehre
1062 3557 1106 3596 p,
1135 3543 1237 3586 142..
1265 3557 1353 3597 seq.
