2346 3912
917 251 1327 301 ...11-

217 397 371 448 deum
415 405 507 449 aut
545 401 818 462 personam
851 395 1110 461 postulem
1142 404 1232 446 aut.
1262 414 1380 446 esse
1407 413 1611 463 negem.
1689 395 1870 461 ltaque
1899 398 2028 450 haec

214 497 542 547 conscientia
591 494 656 545 de
711 495 809 544 deo
854 492 1229 561 panthei-elica
1285 491 1415 543 mihi
1467 498 1611 543 certe
1662 503 1742 544 est
1780 496 2025 560 explosa.

215 568 286 644 A't
325 594 524 644 instant
555 590 752 643 JAcom
793 593 1016 659 ejusque
1053 590 1318 655 asseclae,
1371 593 1459 655 qui
1500 591 1809 642 immediata
1850 599 2027 645 nescio

215 707 317 754 qua
357 691 683 741 conscientia
722 690 876 741 deum
920 705 1200 754 personam
1229 690 1500 754 percipere
1524 706 1580 739 se
1602 690 1876 756 jactitent.
1935 695 2024 756 (cs.

213 789 371 838 etiam
409 785 811 839 Licurssmnnno
851 785 1171 838 vermiscltte
1210 783 1497 850 Schriften
1538 785 1600 837 ΙΙ.
1642 805 1689 851 p.
1736 791 1851 839 127.
1891 790 2030 853 „der

217 882 428 936 Glanbe
465 901 536 935 au
569 884 703 936 Gon
733 866 804 936 icc
831 883 1090 935 Ins-tiuhi.
1168 882 1248 935 Er
1270 888 1343 935 ist
1371 883 1487 935 dem
1512 883 1810 936 Menscheu
1834 893 2027 937 natic’r·

210 979 348 1045 Iu'clt,
399 998 456 1032 so
507 988 609 1035 wie
662 983 761 1034 das
814 981 1002 1034 Gelam
1055 982 1166 1046 ‘1²0⁰
1207 986 1349 1032 zwei
1382 978 1611 1033 Fic’ssen.
1659 1014 1717 1021 —
1776 982 2022 1035 Nrrzscn

214 1075 560 1145 Syelemder
596 1079 802 1132 clara‘stl.
848 1078 1030 1132 Lelere
1069 1079 1152 1130 ed.
1181 1077 1274 1129 lv.
1316 1097 1365 1143 p.
1399 1084 1478 1130 13.
1506 1088 1631 1130 nota
1659 1081 1758 1147 **):
1800 1082 2027 1146 „Aller-

198 1176 376 1244 'dt'uge
408 1175 583 1229 haben
608 1177 823 1239 Jacobs,
853 1175 1335 1238 Schlea'ermacher,
1365 1173 1532 1228 Fries
1555 1194 1606 1228 u.
1637 1176 1856 1230 Clodius·
1881 1180 2028 1232 mehr

213 1276 296 1326 als·
332 1275 537 1326 medere
585 1276 698 1326 und
738 1275 905 1343 jeder
941 1275 1053 1339 aff
1093 1274 1387 1326 besoudere
1435 1274 1621 1326 Weise
1659 1275 1800 1326 daza
1839 1275 2027 1347 beige-

212 1369 441 1441 tra'gen,
494 1373 619 1422 dass·
663 1371 762 1421 ‹la-s·
812 1371 1195 1422 unmittelbare
1235 1371 1450 1422 Daseae‘n
1497 1372 1594 1423 der
1643 1372 1908 1442 Religion
1960 1382 2028 1427 im

118 1500 136 1529 ·.
213 1467 743 1521 Selbrlbewusslsein
782 1467 876 1519 des
898 1467 1198 1520 Menschen
1235 1467 1346 1519 med
1382 1473 1472 1519 eiu
1509 1468 1740 1520 Ιιϋῇενεν
1771 1472 1902 1523 oder
1930 1476 2031 1524 tie·

198 1567 369 1631 ferer
406 1555 692 1636 Ursprzmg
719 1565 1020 1629 der-selben,
1062 1568 1143 1617 als
1171 1565 1266 1617 ileu
1292 1565 1544 1634 Empirie
1571 1567 1701 1618 oder
1729 1568 2029 1636 Reflexiou

213 1665 395 1716 be‘eten
433 1666 658 1725 konnen,
696 1664 897 1716 wieder
927 1682 1026 1715 zur
1054 1666 1468 1733 allgemee'nsteu
1495 1667 1907 1736 Anerkenmmg
1932 1687 2031 1737 ge-

211 1766 443 1815 lwmmen
463 1768 537 1814 ist
553 1765 727 1826 etc.“)
746 1791 815 1799 —-
852 1761 953 1812 His
984 1764 1168 1827 paucis
1194 1765 1324 1813 satis
1354 1761 1579 1827 habeb0‚
1610 1781 1743 1827 quae
1770 1782 2028 1834 regeram.

189 1860 523 1926 Priusquam
551 1858 711 1910 fidem
741 1857 939 1910 Christi
970 1865 1027 1909 ut
1051 1858 1138 1908 dei
1166 1856 1267 1909 filii
1300 1858 1585 1924 amplexus
1604 1861 1815 1925 fuerim,
1852 1866 2032 1916 omnia

212 1958 522 2024 argument-a
558 1974 653 2023 pro
692 1957 780 2008 dei
806 1958 1102 2007 existentia
1128 1954 1292 2006 allata
1322 1973 1439 2007 esse
1465 1956 1602 2007 falsa
1630 1957 2032 2026 intellexeram,

210 2062 574 2122 argumentum
601 2050 996 2122 teleologicum,
1022 2071 1124 2118 quo
1147 2058 1314 2105 totam
1342 2053 1620 2123 religionis
1641 2055 2034 2123 philosophiam

216 2151 575 2203 recentiorem
615 2151 830 2202 tandem
870 2151 1080 2202 fundari
1119 2153 1311 2215 viden,
1348 2155 1405 2203 in
1444 2152 1766 2218 subrepticio
1807 2158 1907 2206 niti
1942 2159 2034 2225 ju-

214 2250 370 2300 dicio'
407 2266 792 2314 perspexeram
845 2255 1003 2314 atque
1054 2252 1216 2300 etiam
1270 2252 1325 2300 in
1373 2249 1719 2302 Jacobianam
1771 2251 1921 2304 illam
1971 2271 2034 2306 ac

146 2351 148 2353 ’
212 2346 514 2398 Frisianam
555 2349 858 2411 opinionem
898 2348 1135 2398 animum
1166 2347 1544 2399 demerseram.
1620 2347 1825 2399 Verum
1852 2367 2035 2414 quam-

216 2461 371 2509 quam
423 2462 556 2508 quae
608 2446 750 2494 vitae
806 2461 958 2494 meae
1007 2443 1110 2494 fuit
1147 2446 1324 2508 ratio,
1385 2444 1801 2512 flagrantissimo
1857 2449 2036 2508 studio

215 2544 423 2610 signum
463 2541 724 2606 quoddam
765 2539 1185 2605 peteba1n‚·quo
1228 2558 1346 2592 esse
1382 2542 1538 2592 deum
1577 2541 1710 2592 mihi
1752 2545 2041 2607 persuade-

204 2657 327 2690 rem
375 2657 439 2690 ac
485 2651 867 2703 saepenumero
927 2636 1110 2689 multis
1175 2644 1228 2689 et
1288 2641 1561 2704 perpetuis
1618 2641 2035 2709 cogitationibus

174 2798 178 2799 ⁷
217 2737 417 2788 frustra
454 2735 741 2798 volutatiS,
779 2735 1170 2786 ardentissimis
1207 2735 1487 2801 precibus,
1527 2744 1587 2788 ut
1623 2740 1833 2805 signum
1873 2741 2036 2804 quod-

217 2835 338 2884 dam
371 2834 457 2884 dei
484 2851 612 2884 vere
628 2834 906 2906 ⁴exstantis
934 2830 1066 2882 mihi
1097 2832 1360 2896 proderet,
1400 2832 1468 2882 ad
1505 2832 1713 2884 coelum
1755 2837 1913 2887 tacite
1951 2855 2039 2889 me

221 2933 492 2989 converti3
531 2913 710 2981 tamen
745 2929 943 2979 frustra
967 2930 1186 2979 excussi
1213 2929 1494 2994 desperato
1520 2929 1620 2982 hoc
1648 2938 1883 2998 tempore
1909 2951 2037 2987 con-

219 3023 497 3081 scientiam
539 3045 744 3092 meam,
783 3046 851 3078 an
892 3027 1030 3077 forte
1070 3026 1157 3077 dei
1196 3029 1541 3079 existentiam
1582 3031 1891 3084 immediate
1918 3051 2037 3098 per—

219 3129 468 3192 ciperem.
547 3124 667 3177 Non
699 3128 931 3191 percepi,
969 3125 1210 3188 quamvis
1239 3126 1370 3191 (non
1398 3127 1569 3178 audeo
1598 3130 1819 3196 negare)
1848 3129 2038 3181 volun-

223 3321 291 3362 vel
321 3323 527 3363 minimum
567 3322 681 3363 laudi
727 3320 890 3372 Hegelil
934 3320 1014 3360 viri
1057 3321 1200 3360 summi
1245 3319 1550 3373 derogaverim.
1615 3323 1701 3377 Quo
1737 3325 2038 3366 accuratiorem

222 3391 315 3444 ejus
357 3393 544 3433 notitiam
573 3392 800 3440 contraxi,
854 3404 902 3431 eo
944 3392 1122 3444 penitius
1166 3391 1264 3430 mihi
1308 3394 1496 3443 persuasi
1542 3405 1727 3444 magnum
1777 3408 1867 3435 euin
1907 3396 2038 3437 fuiss(-

219 3464 521 3516 philosophum.
583 3462 685 3503 Nam
733 3475 812 3501 non
860 3468 939 3502 tam
982 3463 1021 3502 in
1066 3475 1165 3501 vero
1208 3468 1278 3502 aut
1323 3463 1571 3514 investigato
1619 3470 1689 3504 aut
1729 3468 2038 3518 praetermiss0,

223 3546 342 3588 quam
375 3535 415 3575 in
448 3532 766 3587 philosophandi
798 3532 957 3573 ratione
996 3534 1180 3573 cernitur
1212 3533 1446 3586 philosophi
1481 3530 1675 3585 dignitas.
