2346 3912
1063 219 1479 271 -16—

355 384 497 419 mum
538 382 654 416 esse
695 365 1013 416 existimant
1037 365 1099 429 ⁸).
1179 363 1331 426 Quae
1371 364 1513 417 enim
1547 370 1768 415 naturae
1808 368 1890 416 est
1917 365 2185 418 institutio

355 466 408 516 id
459 469 541 516 est
581 461 887 530 philosophi
937 466 1077 514 cauti
1144 470 1197 513 et
1257 464 1660 530 circumspecti,
1727 470 1783 514 ut
1833 461 2009 528 quoad
2065 463 2187 531 ejus

358 561 480 614 fieri
513 563 702 628 possit,
742 560 884 611 idem
910 559 1106 626 ubique
1144 566 1379 613 sectetur
1403 564 1722 627 principium
1763 567 1816 612 et
1844 558 2009 611 verbo
2042 564 2188 612 certe

355 660 444 713 hic
484 660 753 712 monuisse
787 656 1036 724 juvabit,
1089 677 1245 724 quam
1300 667 1510 724 praeter
1560 677 1771 711 omnem
1813 657 2191 710 necessitatem

358 762 414 810 in
454 758 541 810 dei
578 756 915 821 potissimum
952 758 1174 808 notione
1213 757 1280 808 ad
1333 757 1508 809 ideam
1550 764 1770 808 naturae
1807 757 2190 821 anticipatione

360 856 513 907 nobis
559 855 777 905 insitam
816 854 1148 923 confugiant,
1186 858 1427 921 quamvis
1456 854 1703 920 plurimis
1738 854 1900 924 longe
1938 855 2188 923 cogitatis

358 957 475 1005 sine
534 953 917 1003 retractatione
965 956 1312 1004 extrinsecus
1362 955 1625 1019 repetitiS.
1710 952 1979 1005 Nimirum
2029 968 2190 1017 quum

360 1051 721 1116 perfectiones
760 1067 975 1114 rerum,
1015 1067 1144 1115 quas
1181 1051 1525 1101 circumcirca
1562 1053 1961 1115 conspicamur,
2011 1046 2192 1098 valde-

360 1166 515 1214 quam
555 1149 662 1198 sint
698 1149 881 1197 variae
938 1151 992 1197 et
1027 1149 1346 1198 necessitate
1395 1154 1619 1200 naturae
1672 1147 1739 1198 ad
1778 1145 2028 1214 singulas
2066 1161 2191 1209 con-

360 1247 600 1298 diciones
648 1244 1053 1313 distinguendas
1116 1244 1413 1305 deducant3
1469 1242 1607 1294 nihil
1671 1244 1863 1308 opinor
1912 1243 2194 1308 (quamvis

362 1342 608 1395 Cartesio
626 1344 853 1410 ejusque
881 1341 1105 1393 asseclis
1135 1341 1607 1394 vehementissime
1631 1339 2085 1408 obstrepentibus)
2112 1341 2192 1392 fa-

362 1441 520 1494 cilius
561 1446 641 1492 est
680 1439 990 1505 intellectu,
1043 1458 1201 1506 quam
1239 1441 1501 1506 quomodo
1540 1441 1680 1490 ratio
1719 1441 1985 1504 humana,
2037 1456 2188 1504 prae-

362 1541 594 1592 stantiae
620 1538 948 1589 diversz'tatc
976 1537 1144 1588 semel
1183 1556 1359 1603 sensa,
1400 1554 1656 1589 conamen
1693 1542 1918 1587 naturae
1955 1519 2194 1587 summae

361 1636 678 1705 cogitandae
729 1636 874 1703 (nam
923 1634 1065 1709 ultra
1115 1653 1377 1687 conamen
1425 1635 1672 1704 progredi
1713 1632 1920 1703 nequit)
1967 1631 2196 1685 subierit

362 1735 589 1802 ejusque
627 1732 867 1784 indolem
906 1736 963 1785 in
1001 1735 1314 1786 universum
1351 1733 1545 1785 saltem
1572 1732 1946 1784 delineaverit.
2023 1731 2196 1784 Sicuti

362 1831 493 1883 mali
531 1837 654 1883 sunt
686 1832 882 1900 gradus
931 1840 1091 1898 atque
1128 1832 1331 1883 exinde
1383 1830 1631 1883 diabolus
1671 1838 1729 1883 ut
1767 1849 1831 1882 ea
1869 1836 2090 1895 natura,
2139 1831 2195 1881 in

364 1949 466 1996 qua
507 1948 746 1981 summus
799 1930 931 1982 mali
980 1933 1051 1982 sit
1088 1930 1284 1999 gradus
1325 1947 1645 1995 expressus,
1698 1931 1895 1980 sensim
1934 1927 2191 1993 pedeten-

362 2031 564 2095 timque
615 2029 861 2093 emersit,
916 2031 993 2079 ita
1041 2030 1097 2078 in
1148 2036 1372 2080 naturae
1420 2028 1595 2080 bonae
1648 2030 1874 2095 ejusque
1924 2025 2193 2092 perfectae

364 2128 582 2178 notione
642 2123 944 2195 effingenda
995 2127 1164 2177 animi
1204 2123 1441 2176 ‘humani
1504 2128 1704 2178 versati
1763 2144 1881 2176 esse
1943 2122 2196 2175 censendi

363 2231 518 2289 sunt,
559 2241 662 2289 quo
701 2242 836 2276 mox
875 2223 1204 2276 consuetudo
1244 2224 1369 2275 inde
1408 2242 1440 2274 a
1478 2226 1658 2288 pueris
1699 2225 1858 2275 ducta
1897 2229 1952 2273 et
1986 2223 2192 2287 opinio-

364 2340 489 2374 num
529 2326 842 2391 propagatio
882 2323 1210 2376 hereditaria
1250 2323 1492 2372 accessit.

505 2419 760 2472 Attamen
789 2426 998 2472 tantum
1038 2417 1208 2483 abest,
1247 2424 1307 2469 ut
1346 2419 1401 2468 in
1438 2435 1512 2469 DE
1545 2416 1779 2470 Wss'r'ru
1810 2407 1988 2482 partes
2024 2415 2082 2484 (l.
2119 2415 2191 2485 c.)

364 2519 733 2584 discedamus,
774 2520 865 2583 qui
904 2535 1117 2568 omnem
1156 2517 1484 2567 existentiae
1525 2515 1742 2566 divinae
1779 2515 2193 2568 demonstratio-

364 2633 486 2667 nem
539 2617 595 2667 in
649 2615 832 2667 orbem
885 2615 1175 2681 circumagi
1225 2614 1333 2677 ait,
1386 2613 1651 2678 siquidem
1700 2613 1825 2664 inde
1865 2613 2199 2678 exordiatur,
2263 2676 2266 2679 Α

365 2733 466 2781 quo
505 2714 759 2766 devenire
797 2714 1013 2766 tandem
1052 2711 1279 2777 debeat3
1334 2717 1394 2761 ut
1443 2709 1758 2779 hujusmodi
1807 2712 2196 2764 demonstratio

363 2819 467 2868 rite
505 2816 755 2865 instituta
795 2812 1020 2864 eandem
1059 2808 1360 2861 claritatem
1402 2812 1457 2859 et
1497 2807 1805 2861 firmitatem
1843 2809 2042 2862 habere
2068 2828 2195 2863 con-

364 2913 678 2976 tendamuS‚
743 2930 846 2977 qua
896 2910 1385 2961 demonstrationes
1443 2906 1858 2960 mathematicae
1920 2906 2199 2974 splendere

368 3011 561 3064 solent.
637 3007 891 3061 Demiror
930 3007 1206 3074 equidem,
1246 3005 1382 3072 quod
1424 3005 1511 3057 dei
1547 3008 1897 3058 existentiam
1937 3009 1984 3059 si
2009 3006 2198 3059 deduci

486 3234 534 3291 *)
568 3236 696 3277 Arist.
731 3236 782 3275 de
817 3235 941 3274 anim.
979 3235 1048 3274 111.
1084 3234 1127 3274 4.
1177 3229 1433 3286 δυνάμει
1474 3230 1572 3275 πώς
1612 3233 1711 3272 ἐστι
1743 3230 1802 3272 τὰ
1835 3228 1981 3282 νοητὰ
2013 3227 2038 3270 ὁ
2074 3231 2194 3276 νοῦς,

371 3304 471 3347 ἀλλ’
519 3303 772 3357 ἐντέλεχείᾳ
817 3301 974 3354 οὐδέν,
1028 3308 1141 3363 πρὶν
1183 3303 1243 3346 ἂν
1282 3301 1345 3357 μὴ
1389 3305 1488 3361 νοῇ.
1550 3303 1634 3342 Δεῖ
1662 3298 1707 3342 δ’
1749 3298 1915 3350 οὕτως,
1951 3297 2108 3359 ὥσπερ
2145 3301 2197 3341 ἐν

370 3394 569 3434 γραμμ
586 3379 797 3430 ατείῳ,
838 3366 877 3430 ᾦ
907 3372 1052 3430 μηδὲν
1074 3373 1271 3433 ὑπάρχει
1294 3369 1547 3424 ἐντελεχείᾳ
1568 3374 1904 3430 γεγραμμένον.
1937 3369 2054 3430 ὅπερ
2081 3385 2195 3424 συμ-

370 3451 529 3501 βαίνει
558 3450 639 3488 ἐπῖ
666 3450 749 3489 τοῦ
780 3451 880 3489 νοῦ.
911 3472 967 3477 -
996 3447 1131 3488 Locke
1160 3447 1218 3488 cf.
1250 3447 1398 3487 human
1430 3445 1697 3485 understand.
1732 3445 1763 3485 l.
1792 3444 1826 3485 l.
1861 3457 1900 3484 c.
1934 3445 1977 3485 2.
2009 3444 2053 3485 3.
2083 3447 2126 3482 et
2148 3441 2194 3483 4.

372 3543 427 3548 -—
461 3517 667 3560 Herbnrt.
702 3532 827 3571 saepe
861 3519 916 3558 cf.
953 3532 991 3559 v.
1028 3533 1064 3559 c.
1100 3518 1300 3570 Psychol.
1338 3515 1529 3569 amplior.
1566 3514 1596 3555 I.
