2346 3912
963 268 1379 323 *29*

265 416 385 466 dem
428 414 585 480 plane
625 415 772 464 notio
823 413 1036 480 subest,
1089 434 1221 481 quae
1269 415 1424 468 ideae
1473 416 1737 480 practicae
1787 414 2079 470 Hermian

266 514 459 564 tertiae
498 510 620 577 (der
657 510 794 562 Idee
832 511 926 563 der
964 510 1342 564 Wohlwollens
1366 513 1477 582 '‘)):
1515 519 1596 564 est
1635 519 1811 564 autem
1847 514 1943 565 illa
1968 522 2081 566 tota

264 612 436 675 posita
473 611 528 660 in
566 609 743 659 altero
782 607 1044 662 benevole
1083 610 1471 675 amplectendo.
1544 609 1649 662 Hic
1678 628 1802 661 vero
1834 628 1983 662 amor
2009 616 2079 679 (si

265 708 595 771 discesseriS,
634 714 693 758 ut
730 705 828 758 hoc
868 707 1040 759 denuo
1078 725 1343 773 moneam,
1382 728 1414 760 a
1451 715 1643 761 natura
1684 706 1928 759 absoluta
1967 711 2080 760 sive

263 825 295 856 a
319 806 439 871 deo,
478 806 566 870 qui
594 802 740 869 talis,
780 802 952 869 qualis
984 810 1082 870 est,
1121 805 1186 856 ab
1224 812 1445 857 aeterno
1478 813 1635 871 atque
1662 806 1782 857 ideo
1815 814 1914 871 est,
1957 808 2081 872 quia

263 910 346 954 est
393 904 426 953 i.
467 920 513 953 e.
562 908 775 966 praeter
823 919 1032 953 omnem
1074 921 1286 955 causam
1327 906 1688 970 superiorem,
1751 922 1905 969 quam
1946 923 2080 970 quae

261 1003 316 1052 in
354 1002 520 1066 ipsius
558 1007 749 1051 natura
787 1006 869 1051 est
908 1001 1034 1066 sita)
1084 1017 1190 1050 non
1242 1007 1419 1064 potest
1468 1003 1573 1054 dici
1625 1004 1730 1053 nisi
1767 1004 1820 1052 iu
1863 1009 2079 1053 naturas

260 1115 441 1149 amore
491 1103 674 1149 nostro
729 1097 952 1166 dignm,
1003 1099 1246 1167 quamvis
1303 1097 1422 1168 lege
1473 1099 1707 1151 naturali
1758 1101 2077 1150 enixissime

258 1195 550 1264 flagitante.
623 1196 766 1264 Ergo
801 1198 898 1247 lex
934 1203 1170 1248 naturae
1207 1214 1300 1261 per
1343 1214 1400 1247 se
1432 1214 1536 1247 non
1563 1199 1692 1248 satis
1723 1202 1805 1247 est
1832 1196 1896 1246 ad
1925 1214 2073 1246 amo-

258 1312 370 1344 rem
409 1292 562 1344 illum
602 1292 982 1344 suscitandum.

398 1390 455 1457 2)
491 1388 758 1441 Nimirum
793 1406 951 1452 quum
998 1391 1079 1456 (id
1117 1391 1256 1455 quod
1294 1408 1454 1456 supra
1485 1392 1604 1458 jam
1639 1390 2073 1455 memoravimus)

255 1487 435 1540 nullus
474 1504 661 1538 sensus
699 1487 934 1537 animum
973 1487 1194 1548 (rationi
1219 1503 1594 1553 usquequaque
1622 1486 1945 1555 subjectum)
1985 1504 2074 1537 oc-

256 1603 450 1651 cupare
489 1584 710 1648 debeat,
763 1585 887 1648 quin
929 1584 1080 1650 justa
1129 1585 1331 1635 nitatur
1378 1602 1540 1636 causa
1577 1603 1639 1635 ac
1678 1585 1763 1635 sui
1810 1586 2073 1635 rationem

255 1691 414 1750 queat
461 1682 716 1734 reddere:
768 1682 814 1731 si
867 1681 952 1731 cui
1001 1687 1223 1733 naturae
1278 1681 1414 1733 bene
1453 1684 1694 1747 cupimus
1731 1699 1792 1731 ac
1829 1681 2073 1744 facimuS,

254 1781 415 1849 digna
463 1796 581 1830 esse
631 1777 878 1842 debebit,
945 1795 1079 1842 quae
1128 1796 1309 1829 amore
1360 1779 1680 1845 perfruatur.
1766 1777 1847 1830 Ita
1895 1785 2072 1830 autem

253 1880 451 1930 amoris
477 1876 626 1929 illius
654 1893 814 1926 causa
850 1878 906 1926 in
939 1880 1012 1926 iis
1053 1877 1157 1926 erit
1197 1876 1531 1942 quaerenda,
1571 1894 1701 1942 quos
1738 1883 1799 1928 ut
1835 1893 2072 1927 amemus

254 1981 443 2026 natura
480 1972 734 2040 postulat.
813 1971 966 2034 Quae
1003 1973 1168 2040 igitur
1204 1974 1308 2024 erit
1345 1975 1449 2023 ista
1488 1973 1754 2042 dignitas?
1819 1971 1940 2025 Non
1978 1992 2071 2037 po-

252 2074 381 2123 terit
417 2073 608 2136 opinor
646 2088 764 2121 esse
802 2072 907 2121 nisi
944 2087 1094 2120 amor
1130 2072 1245 2135 ipse
1268 2111 1281 2135 ‚
1326 2089 1479 2135 quem
1519 2070 1658 2122 alter
1690 2076 1849 2140 prior
1884 2073 1939 2121 in
1979 2086 2074 2121 nos

253 2167 510 2221 contulit:
565 2186 685 2219 nam
738 2185 888 2218 amor
937 2172 1146 2218 tantum
1194 2184 1432 2218 amorem
1482 2170 1692 2220 excitat
1727 2170 1843 2218 sive
1880 2166 2072 2219 volun-

250 2273 449 2330 tatem,
498 2271 558 2316 ut
606 2265 763 2317 alteri
813 2271 1020 2316 suamet
1070 2267 1240 2330 ipsius
1289 2283 1448 2316 causa
1486 2265 1622 2317 bene
1661 2268 1750 2317 sit.
1826 2265 2070 2317 Atenim·

251 2381 381 2414 vero
417 2365 465 2413 si
502 2380 594 2413 eos
632 2363 777 2414 solos
814 2361 1096 2414 beneficiis
1135 2380 1374 2414 essemus
1412 2363 1687 2428 affecturi,
1739 2365 1829 2428 qui
1865 2365 2074 2429 priores

253 2460 407 2511 nobis
445 2461 643 2510 amoris
679 2461 991 2510 testimonia
1027 2458 1336 2510 ediderunt:
1374 2462 1650 2512 societatis
1680 2459 1943 2510 humanae
1977 2478 2072 2510 ne·

252 2557 603 2610 cessitudines
641 2559 718 2608 ita
756 2555 1178 2607 dissolverentur
1212 2562 1371 2621 atque
1409 2556 1544 2608 adeo
1569 2555 1974 2621 divellerentur,
2014 2565 2073 2609 ut

251 2665 474 2706 naturae
521 2653 629 2722 legi
680 2671 773 2704 nos
823 2652 1036 2705 officere
1086 2655 1142 2704 in
1190 2652 1373 2705 oculos
1433 2662 1576 2705 esset
1632 2655 1963 2706 incursurum
2019 2661 2073 2706 et

251 2753 559 2803 sexcenties
609 2755 665 2803 in
717 2751 901 2803 oculos
949 2754 1171 2803 incurrit
1210 2750 1350 2816 apud
1389 2769 1510 2816 eoS,
1560 2753 1650 2816 qui
1687 2755 1886 2801 amoris
1923 2750 2071 2802 illius

206 2911 218 2922 ·
253 2854 377 2899 sunt
413 2850 772 2898 immemores.
847 2845 983 2907 Quis
1022 2850 1165 2899 enim
1206 2853 1315 2911 est,
1365 2849 1490 2912 quin
1542 2847 1827 2912 pervideat
1875 2853 1929 2899 et
1966 2866 2068 2899 ex·

253 2945 518 3010 perientia
556 2937 776 2996 edoctus
815 2945 1045 3008 sentiat,
1083 2960 1468 3008 saepenumero
1507 2952 1601 2997 aut
1637 2962 1889 3009 munere,
1928 2946 2068 3011 quod

252 3044 607 3107 suscepimm,
657 3040 963 3107 postulante
1014 3047 1107 3092 aut
1157 3044 1546 3094 communionis
1584 3043 1802 3094 omnino
1838 3041 2068 3094 vinculis

364 3250 414 3308 ⁴²)
445 3251 542 3295 Sive
576 3259 622 3294 ut
657 3253 916 3293 Hartensten.
962 3251 1100 3295 Ethic.
1132 3265 1173 3305 p.
1203 3250 1302 3295 184.
1336 3253 1444 3304 vult,
1479 3284 1506 3303 ,‚
1519 3253 1728 3294 secundae
1759 3253 1880 3294 ideae
1911 3254 2064 3306 practi-

253 3325 384 3372 cae“‚
437 3323 591 3364 omissa
634 3324 729 3364 idea
776 3322 1147 3376 ‚‚persectionis“‚
1203 3335 1323 3376 quam
1364 3323 1542 3364 seorsim
1585 3323 1782 3364 tractavit
1823 3323 2064 3365 Her-hattus.

252 3393 415 3446 Optime
446 3405 547 3432 vero
579 3393 638 3433 ita
667 3393 1007 3441 Hartenstenius3
1040 3392 1194 3432 utinam
1225 3393 1332 3433 alias
1361 3394 1484 3433 etiam
1516 3393 1632 3434 ideas
1657 3391 1885 3446 (justitiae,
1917 3393 2064 3446 aequi-

248 3463 346 3504 tatis
379 3468 422 3503 et
451 3462 791 3518 benevolentiae)
824 3462 1205 3517 comprehendisset
1235 3463 1277 3503 in
1306 3476 1453 3505 unum:
1487 3469 1529 3504 et
1554 3464 1764 3504 notionum
1790 3476 1916 3505 verae
1947 3465 2064 3504 rela-

246 3534 351 3575 tioni
383 3539 427 3575 et
457 3533 667 3574 doctrinae
699 3532 950 3574 christianae
982 3534 1329 3575 accommodatius
1365 3534 1489 3576 etiam
1511 3533 1667 3576 fuisset
1689 3535 1987 3589 disputaturus.
2008 3557 2065 3564 —
