2346 3912
953 253 1197 307 -35
1292 284 1367 293 .-

248 398 513 466 postulat,
564 416 664 463 qun
716 397 991 450 felicitatis
1042 406 1257 449 nostrae
1296 401 1562 466 genuinae
1601 400 2062 463 procurationem?

79 498 86 533 .·
146 529 149 531 .
247 496 320 548 At
355 513 442 567 ‘ex
492 498 599 547 isto
651 498 733 547 sui
785 513 1000 560 amore,
1050 498 1136 561 qui
1187 493 1327 547 alios
1365 512 1468 547 non
1508 501 1616 547 tam
1653 497 1864 547 amandi
1908 514 2064 562 quam

245 593 437 645 beandi
473 594 648 660 jactat
686 595 1019 659 principium,
1059 591 1206 644 nulla
1236 590 1594 658 proficiscitur
1616 590 1867 657 felicitaS,
1907 612 2066 659 quum

244 698 468 743 naturae
508 689 605 741 lex
643 691 814 755 ferat,
852 698 912 743 ut
949 689 1319 742 condicionem
1360 708 1486 743 vere
1521 689 1731 742 beatam
1763 699 1818 742 et
1841 693 1986 744 intus
2013 699 2068 743 et

244 789 585 840 extrinsecus
611 786 899 851 perturbet.
956 786 1099 855 Ergo
1127 805 1310 839 rursus
1339 787 1642 851 incidimus,
1671 786 1773 841 hoc
1801 792 2066 855 principio

242 885 506 950 admisso,
543 888 599 936 in
637 886 1043 952 repugnantiam
1083 892 1305 936 naturae
1344 885 1503 937 valde
1529 888 1829 955 insignem3
1870 888 2064 952 quippe

242 999 379 1055 quae
417 1000 524 1034 non
563 982 722 1033 modo
760 981 1029 1033 mendacii
1066 983 1587 1034 commendationem
1620 986 1674 1035 in
1700 1001 1757 1036 se
1794 986 2062 1049 suscipere

243 1089 492 1147 cogatur,
541 1088 725 1131 verum
777 1097 842 1131 eo
880 1082 998 1144 ipso
1037 1079 1312 1132 felicitatis
1349 1081 1528 1132 studio
1579 1080 1825 1148 (aliorum
1879 1099 2062 1133 aman·

241 1177 430 1228 dorum
461 1184 691 1246 propter
718 1182 892 1245 ipsius
916 1179 1174 1242 amorem)
1213 1177 1397 1230 deleat
1435 1178 1771 1242 felicitatem,
1811 1196 1915 1243 quo
1942 1196 2062 1230 eam

241 1274 528 1325 fundatum
564 1274 859 1326 dicebatur.
934 1274 1085 1326 Haec
1134 1278 1489 1343 repugnantia
1526 1277 1675 1328 ducit
1711 1276 1777 1326 ad
1817 1275 2056 1326 absurdi·

241 1377 438 1422 tatem:
475 1377 566 1422 sui
598 1374 764 1440 igitur
800 1389 951 1422 arnor
988 1388 1104 1427 non.
1133 1378 1307 1435 potest
1342 1376 1543 1425 amoris
1572 1373 1721 1426 illius
1746 1377 1919 1426 mutui
1942 1391 2061 1425 esse

240 1469 577 1534 principium.

386 1564 529 1634 Ergo
575 1583 733 1631 quum
784 1583 956 1630 neque
1006 1565 1106 1617 lex
1156 1585 1251 1631 per
1300 1584 1359 1618 se
1410 1573 1650 1631 spectata
1698 1585 1795 1619 nec
1830 1566 2060 1619 aliorum

241 1662 436 1715 relatio
474 1680 570 1714 nec
609 1666 779 1715 nostri
815 1666 1050 1730 ipsorum
1099 1681 1250 1714 amor
1286 1665 1650 1730 satisfaciant,
1702 1664 1837 1717 nibil
1876 1671 2062 1730 restat,

242 1761 351 1812 nisi
384 1767 445 1812 ut
481 1779 718 1813 amorem
756 1764 951 1826 istum,
996 1778 1100 1826 quo
1139 1763 1345 1824 socioS‚
1386 1772 1609 1815 naturae
1646 1781 1832 1815 norma
1871 1780 2062 1829 provo—

244 1846 381 1921 cati,
419 1875 600 1908 amare
640 1859 884 1911 videmur
921 1861 1121 1910 amoris
1157 1861 1356 1910 interni
1395 1868 1682 1926 experteS,
1729 1862 2064 1912 mendacium

244 1956 548 2007 sanciamus
591 1957 800 2022 justum
854 1963 1012 2022 atque
1060 1961 1145 2007 ita
1199 1962 1420 2007 naturae
1468 1959 1880 2010 satisfaciamus.
1955 1955 2062 2008 Sed

242 2058 395 2103 vetat
432 2058 622 2104 natura
661 2054 847 2126 eadem
886 2046 1250 2105 mendacium:
1291 2070 1418 2120 ergo
1454 2055 1616 2104 etiam
1655 2052 2062 2106 irtamsimula·

74 2153 83 2174 ³
167 2167 172 2171 ·
243 2150 474 2200 tionem:
504 2157 702 2218 pugnat
728 2152 891 2219 igitur
918 2167 1094 2202 secum
1119 2152 1252 2214 ipsa.
1329 2149 1437 2201 Sed
1461 2151 1730 2218 ejusmodi
1759 2149 2061 2218 repugnan-

245 2247 324 2296 tia
361 2263 468 2297 non
505 2255 586 2299 est
624 2249 875 2312 ferenda,
914 2250 1019 2299 nisi
1054 2266 1261 2299 summa
1291 2254 1515 2315 urgente
1546 2251 1893 2322 necessitate:
1937 2265 2062 2315 ergo

245 2345 794 2408 circumspectandum
832 2347 972 2410 apud
1011 2348 1246 2397 animum
1286 2352 1557 2407 nostrum,
1599 2364 1723 2398 num
1751 2347 1890 2398 forte
1915 2363 2062 2396 amo—

242 2457 359 2492 rem
399 2439 551 2492 illum
593 2436 949 2509 necessarium
996 2441 1130 2493 alibi
1178 2442 1459 2494 fundemus
1495 2448 1656 2507 atque
1694 2445 1761 2493 in.
1791 2443 2065 2507 principiis

247 2537 516 2603 bucusque
556 2537 901 2592 collustratis.
952 2599 958 2604 ‚

890 2693 1431 2754 Additamentum.

389 2829 643 2881 Fortasse
665 2831 874 2882 dixerit
899 2806 1167 2895 quispiam
1190 2829 1327 2881 hanc
1351 2832 1522 2893 ipsam
1547 2829 2069 2895 argumentationem

47 2926 63 2957 ‘³
151 2926 156 2930 ’
251 2933 575 2992 postremam
612 2929 722 2978 niti.
751 2927 965 2979 tandem
1005 2931 1059 2979 in
1099 2930 1352 2996 egoismo.
1425 2923 1563 2979 Nam
1593 2924 1733 2991 ideo,
1774 2928 1897 2991 quia
1919 2925 2066 2990 feli-

253 3029 394 3076 citae
430 3041 505 3075 ex
541 3029 631 3077 wi
663 3043 846 3076 amore
883 3025 1114 3077 obtineri
1152 3030 1409 3091 nequeat,
1448 3025 1768 3089 principium
1811 3022 1946 3075 illud
1983 3041 2069 3074 re-

252 3122 485 3187 probari.
563 3120 770 3182 Quibus
805 3126 884 3174 ita
915 3121 1390 3188 respondebimus»,
1426 3126 1488 3173 ut
1512 3119 1674 3172 simul
1705 3125 1872 3171 totam
1903 3119 2071 3170 ratio-

250 3222 574 3272 cinationem
612 3222 707 3271 uni
746 3222 942 3271 mentis
979 3220 1187 3272 obtutui
1225 3220 1596 3286 subjiciamus-

396 3315 538 3370 Tota
574 3319 965 3386 argumentatio
990 3316 1287 3384 ingreditur
1308 3319 1386 3368 sic
1402 3332 1431 3371 2v
1455 3312 1694 3366 Naturae
1721 3311 1819 3367 lex
1844 3306 2077 3374 postulat

259 3431 499 3477 amorem
551 3408 791 3466 mutuum
845 3416 1007 3466 etiam
1056 3430 1273 3478 eorum,
1323 3415 1414 3478 qui
1464 3409 1664 3463 nullam
1708 3410 1794 3460 sui
1828 3408 2076 3458 notitiam

263 3496 653 3565 contraxerunt
690 3518 782 3563 aut
819 3513 981 3563 etiam
1024 3509 1220 3561 habere
1261 3508 1542 3574 videntur,
1582 3525 1676 3561 cur
1710 3506 1840 3559 odio
1877 3521 1936 3556 se
1961 3520 2079 3569 per-

1656 3609 1686 3656 3
1715 3603 1736 3628 ιιι
