2346 3912
1014 256 1435 311 ...38—

318 408 567 458 ciscimur
621 407 746 472 (quo
786 408 886 456 vix
926 405 1212 470 quidquam
1266 410 1439 470 potest
1486 406 1704 473 gravius
1756 402 1896 478 esse)
1948 420 1980 453 a
2028 402 2147 472 lege

317 503 545 569 morali,
598 521 701 570 qua
740 502 875 554 nihil
915 509 999 554 est
1034 504 1263 555 certius:
1314 503 1472 555 deum
1508 500 1826 553 conficimus
1868 509 1923 552 et
1963 518 2146 566 perso·

319 618 442 652 nam
489 599 672 668 (simul
722 601 822 652 hac
872 618 1081 666 quoque
1118 580 1195 652 ex
1234 607 1384 666 parte
1425 600 1654 666 exploso
1687 598 2057 669 pantheismo)
2096 607 2151 651 et

318 698 455 767 legis
480 697 701 749 moralis
730 697 981 761 latorem,
1021 706 1274 765 tutorem,
1312 699 1821 764 commendatorem,
1862 698 2150 763 mundique

321 796 683 847 ordinatorem
725 795 900 864 (facili
939 798 1239 850 intertexta
1266 799 1677 849 ratiocinatione
1710 798 1872 848 etiam
1899 794 1966 846 ad
1993 793 2151 846 deum

321 899 623 946 creatorem
661 893 1040 958 deveniemuS‚
1091 898 1194 947 etsi
1244 914 1383 948 nunc
1433 914 1543 947 non
1591 897 1767 963 agitur
1816 895 1920 946 nisi
1958 893 2025 944 de
2064 893 2153 943 dei

323 992 684 1058 existentia),
726 997 921 1059 quippe
959 972 1118 1059 quum
1160 979 1351 1046 natura
1390 992 1642 1045 absoluta
1679 993 1826 1057 prior
1850 1008 2031 1042 amare
2055 1008 2154 1042 nos

323 1096 379 1141 et
414 1092 653 1155 potuerit
692 1097 747 1141 et
785 1090 1032 1142 debuerit
1068 1099 1123 1144 et
1147 1093 1362 1144 tandem
1393 1091 1495 1142 hoc
1520 1108 1729 1155 quoque
1757 1091 1812 1140 in
1841 1091 2025 1154 aprico
2051 1096 2152 1152 est,

322 1187 478 1239 deum
535 1186 638 1238 hac
688 1192 1157 1258 argumentatione
1206 1195 1378 1242 totius
1429 1191 1574 1240 vitae
1625 1186 1849 1239 moralis
1900 1187 2155 1238 constitui

320 1290 673 1354 principium.
749 1285 1114 1353 Quaecunque
1153 1290 1296 1339 enim
1338 1291 1579 1357 agimuS,
1620 1285 1722 1338 deo
1746 1283 2040 1351 impulsore
2065 1301 2153 1335 su·

323 1385 611 1448 scipimuS‚
662 1393 718 1437 et
755 1403 1098 1451 quoscunque
1137 1404 1319 1438 amore
1357 1387 1758 1451 prosequimur,
1812 1383 1901 1435 dei
1940 1384 2156 1434 nomine

325 1487 382 1533 et
417 1499 602 1533 amore
640 1501 902 1548 amamuS,
940 1501 1106 1549 usque
1134 1485 1259 1536 dum
1288 1502 1383 1550 per
1408 1486 1678 1549 proprium
1706 1485 1762 1533 in
1794 1497 1893 1532 nos
1918 1497 2155 1531 amorem

326 1580 474 1648 digni
513 1582 653 1646 sint,
710 1599 842 1647 quos
891 1587 1129 1652 ipsorum
1182 1600 1372 1647 causa,
1424 1599 1608 1633 amore
1659 1581 1844 1631 divino
1900 1579 2156 1630 continuo

326 1677 488 1730 simul
526 1679 932 1746 instimulante,
972 1698 1228 1732 amemus,

475 1776 674 1829 Verum
713 1778 847 1831 haec
888 1779 1165 1831 hactenus.
1240 1778 1551 1830 Occultavit
1581 1780 1799 1828 nisime
1826 1773 1989 1838 fallit,
2027 1772 2158 1824 deus

326 1878 382 1926 in
434 1877 551 1939 ipso
604 1884 827 1928 naturae
880 1878 1070 1928 ordine
1119 1879 1560 1946 repugnantiam,
1623 1893 1757 1941 quae
1805 1876 1978 1939 ipsum
2030 1888 2159 1922 vere

328 1974 605 2025 ostendat:
666 1977 832 2041 quam'
868 1976 1384 2042 recte-patefecisse
1434 1977 1639 2026 utinam
1678 1971 1814 2023 mihi
1853 1971 2156 2038 contigerit.

328 2070 426 2122 Sin
464 2073 671 2136 minus,
711 2080 988 2138 promptus
1027 2092 1120 2125 ero
1158 2074 1225 2124 ad
1263 2075 1586 2124 sententiam
1624 2070 2027 2139 abjiciendam,
2064 2066 2157 2121 ubi

328 2172 659 2238 argumentis
701 2171 914 2223 idoneis
952 2172 1147 2224 melius
1186 2172 1406 2223 edoctus
1444 2173 1597 2224 fuero
1623 2173 1687 2237 *).

445 2365 493 2423 *)
529 2366 778 2409 Momentum
821 2371 1191 2421 argumentationis
1238 2378 1284 2410 ut
1324 2371 1580 2410 luculentius
1614 2369 1878 2414 illustretur,
1926 2365 2029 2404 haee
2059 2363 2159 2404 mihi

330 2439 424 2478 data
458 2440 513 2479 sit
543 2439 689 2488 venia,
726 2446 770 2485 ut
804 2441 1163 2483 ratiocinationem
1196 2442 1331 2482 forma
1360 2453 1594 2495 proponere
1634 2440 1762 2479 liceat
1796 2448 1909 2477 mere
1940 2434 2103 2486 logica:

442 2523 678 2577 Propositio
712 2523 849 2576 major
879 2524 1265 2582 (prosyllogismijz
1303 2526 1435 2566 omnis
1468 2524 1740 2579 repugnantia
1770 2528 1836 2562 est
1868 2519 2068 2561 tollenda.

561 2607 578 2630 2
711 2596 846 2636 minor
1208 2611 1218 2638 :
1251 2610 1367 2637 amor
1382 2597 1456 2637 ille
1476 2602 1640 2636 mutuus
1658 2593 1835 2634 involvit
1852 2588 2162 2644 repugnantiam

330 2677 472 2717 Concl.
489 2679 665 2731 prosyll.
681 2685 723 2720 et
733 2691 900 2733 propos.
916 2681 1051 2732 major
1064 2683 1249 2736 episyll.:
1271 2682 1453 2736 Repugn.
1467 2682 1507 2721 in
1524 2682 1603 2721 isto
1621 2692 1761 2720 amore
1779 2679 1862 2718 sita
1875 2682 1942 2717 est
1958 2675 2158 2716 tollenda.

443 2762 680 2826 Propositio
713 2764 1020 2819 episyllogismi
1054 2768 1210 2810 minor:
1333 2779 1351 2805 »
1415 2778 1495 2807 non
1531 2770 1668 2819 potest
1694 2764 1791 2804 tolli
1824 2762 1915 2803 nisi
1938 2773 2015 2815 per
2038 2760 2160 2801 domn

1327 2849 1545 2892 personam
1567 2847 1706 2876 amore
1734 2834 1774 2874 in
1801 2845 1875 2873 nos
1898 2830 2162 2884 conspicuam
2232 2891 2235 2893 -

1024 2895 2171 2910 Μ

333 2920 556 2959 C0¹¹⁰¹¹¹⁸i⁰
589 2920 813 2975 epiSYUOg·
1274 2924 1376 2964 deus
1397 2935 1575 2978 persona
1601 2934 1700 2962 vere
1724 2924 1863 2960 exstet
1882 2929 2059 2958 necesse
2083 2920 2160 2956 est.
