2346 3912
1031 221 1451 271 *12*-

329 379 437 423 tate
467 369 937 420 vehementissime
965 364 1351 417 instimulante.
1407 364 1551 427 Quid
1575 371 1754 417 autem
1786 362 2156 416 censebimus?

333 466 442 517 Cur
487 483 591 516 non
631 464 881 531 percepi?
959 462 1114 524 Quod
1164 463 1288 514 inde
1338 463 1405 515 ab
1443 466 1599 516 initio
1639 463 1774 513 hanc
1812 460 1947 513 mihi
1984 460 2157 530 legem

330 566 673 630 scripseram,
729 582 793 614 ne
842 564 1007 613 animi
1063 560 1331 611 desiderio
1372 560 1623 628 abreptus
1661 559 1794 612 mihi
1834 561 1946 624 ipse
1984 560 2159 625 impo-

332 680 511 713 nerem
555 679 688 712 neve
716 662 911 711 inertia
936 665 990 711 et
1014 659 1388 723 desperatione
1420 662 1499 711 rei
1532 657 1939 727 investigandae
1971 673 2159 708 occoe-

331 767 480 813 catus
520 761 792 825 percipere
829 755 964 807 mihi
1005 757 1244 821 viderer,
1285 758 1423 823 quod
1469 776 1594 809 vere
1632 774 1739 807 non
1777 756 2158 821 percepissem.

332 858 570 911 Omnino
611 856 902 909 cavendum
945 855 1099 907 nobis
1138 862 1220 906 est
1258 873 1613 924 magnopere,
1654 872 1719 905 ne
1760 870 1989 917 erroreS,
2032 867 2162 917 quos

333 974 451 1008 cum
491 954 630 1006 lacte
670 954 891 1005 nutricis
931 955 1207 1019 suximuS,
1248 953 1404 1004 nobis
1443 956 1718 1019 imponere
1758 952 2025 1017 patiamur
2070 954 2163 1000 aut

335 1053 539 1105 desidia
588 1053 797 1117 obruti,
856 1054 913 1102 in
961 1053 1288 1102 conscientia
1338 1059 1524 1102 nostra
1573 1052 1810 1114 reperire
1862 1047 2160 1111 videamur,

330 1151 469 1216 quod
507 1157 600 1201 aut
638 1149 1004 1217 abjiciendum
1035 1155 1128 1200 aut
1151 1165 1341 1200 severa
1365 1149 1782 1199 ratiocinatione
1811 1143 2163 1203 evincendum

330 1254 422 1300 aut
445 1255 589 1299 certe
617 1250 672 1298 in
698 1247 875 1297 medio
903 1251 984 1296 est
1011 1245 1417 1312 relinquendum
1447 1245 1510 1313 *).
1585 1242 1836 1295 Socrates
1867 1240 2166 1312 (Apologia

332 1366 377 1411 p.
419 1351 504 1397 21.
550 1348 603 1409 e)
657 1345 778 1395 ideo
818 1343 922 1394 sibi
962 1346 1348 1409 sapientissimi
1390 1361 1583 1394 nomen
1624 1361 1741 1395 esse
1781 1341 2009 1392 inditum
2047 1358 2161 1392 cre—

331 1444 497 1508 didit,
552 1442 691 1507 quod
743 1441 880 1493 nihil
930 1460 986 1492 se
1040 1445 1176 1493 scire
1226 1445 1414 1493 sciret:
1472 1442 1610 1508 quod
1662 1441 1801 1491 idem
1853 1438 2163 1490 studeamus

331 1557 516 1591 omnes
557 1558 775 1591 necesse
814 1547 924 1602 est,
964 1546 1024 1592 ut
1052 1539 1265 1591 tandem
1297 1540 1433 1589 scire
1464 1539 1748 1589 discamus.
1825 1535 2164 1601 Quapropter

332 1657 434 1704 quo
475 1637 711 1689 sedulius
753 1640 809 1688 in
851 1636 950 1688 hac
992 1639 1326 1688 conscientia
1377 1636 1705 1687 excutienda
1745 1651 1860 1686 sum
1902 1639 2163 1697 versatus,

332 1754 395 1788 eo
438 1739 611 1787 minus
651 1753 786 1801 queo
825 1734 1089 1800 dubitare,
1131 1737 1258 1804 quin
1286 1736 1584 1799 quicunque
1612 1732 1750 1783 hanc
1778 1733 2160 1783 conscientiam

332 1834 695 1886 immediatam
734 1833 837 1884 sibi
865 1833 1168 1898 vindicent,
1210 1851 1266 1883 se
1294 1834 1397 1897 ipsi
1424 1831 1722 1897 decipiant:
1767 1830 1954 1881 videor
1984 1835 2163 1881 autem

332 1931 465 1984 mihi
504 1938 677 1996 certe,
720 1931 878 1982 homo
921 1949 1037 1983 esse
1077 1930 1233 1994 talis,
1276 1927 1690 1995 qualesfreliqui
1729 1937 1853 1981 sunt
1891 1928 2124 1995 putandi.

475 2028 662 2095 Neque
702 2028 953 2098 ablegent
1003 2047 1087 2079 me
1128 2027 1289 2080 velim
1330 2027 1396 2077 ad
1434 2029 1672 2095 gentium
1713 2044 2065 2091 consensum,
2106 2031 2166 2076 ut

335 2128 457 2203 inde
495 2129 877 2179 conscientiam
917 2130 1074 2179 istam
1118 2125 1485 2192 comprobent.
1566 2122 1708 2175 Sane
1748 2123 2011 2189 Epicurus
2046 2124 2162 2190 jam

334 2227 499 2292 (apud
541 2225 653 2278 Cic.
680 2226 744 2277 de
785 2234 893 2278 nat.
923 2226 1067 2278 deor.
1097 2226 1129 2276 l.
1170 2225 1208 2276 1.
1243 2229 1288 2289 ξ.
1313 2226 1422 2288 43.)
1463 2212 1658 2288 „vidit
1690 2240 1808 2273 esse
1838 2220 1984 2285 deos,
2024 2220 2164 2285 quod

335 2329 390 2377 in
418 2327 654 2376 omnium
683 2325 877 2374 animis
905 2342 1088 2375 eorum
1114 2325 1391 2375 notionem
1414 2323 1778 2387 impressisset
1816 2322 1932 2384 ipsa
1955 2326 2161 2371 natura.

334 2424 488 2486 Quae
528 2431 609 2474 est
649 2424 791 2474 enim
831 2440 981 2490 genS,
1025 2424 1200 2487 inquit
1233 2420 1482 2487 Vellejus
1525 2417 1685 2468 homo
1716 2417 2032 2483 EpicureuS,
2074 2424 2168 2468 aut

337 2522 476 2587 quod
514 2539 682 2588 genus
724 2519 1032 2585 hominum,
1073 2519 1213 2585 quod
1253 2536 1356 2569 non
1396 2516 1593 2568 habeat
1632 2518 1748 2567 sine
1789 2516 2034 2567 doctrina
2070 2533 2165 2566 an—

334 2619 702 2682 ticipationem
745 2618 1011 2682 quandam
1052 2616 1362 2668 deorum?“
1428 2614 1763 2680 Quamquam
1803 2613 1936 2665 haec
1973 2631 2165 2682 magna

334 2718 616 2767 consensio
662 2734 746 2765 me
794 2718 994 2781 pariter
1033 2723 1190 2785 atque
1230 2714 1536 2766 Hac-amum
1583 2712 1991 2782 (Vorlesungen
2030 2708 2166 2762 iiber

333 2815 423 2866 die
473 2812 716 2865 Bewez'se
773 2830 888 2866 vom
947 2813 1163 2866 Daseia
1217 2813 1412 2866 Gottes
1473 2832 1523 2878 p.
1577 2810 1770 2880 333.),
1835 2813 2164 2861 commovet:

337 2911 575 2963 Senecae
615 2917 794 2963 tamen
844 2913 1008 2964 verba
1044 2914 1148 2980 (ep.
1197 2911 1345 2980 117.)
1396 2929 1502 2961 non
1541 2910 1761 2961 fecerim
1801 2925 1948 2960 mea:
1999 2905 2167 2972 „Ve—

333 3012 512 3061 ritatis
563 3016 933 3078 argumentum
976 3020 1057 3063 est
1097 3011 1314 3078 aliquod
1352 3009 1599 3061 omnibus
1638 3008 1841 3072 videri,
1894 3013 2162 3073 tamquam

336 3109 466 3159 deos
506 3106 774 3177 esse“**).
854 3107 938 3161 Cf.
976 3109 1145 3164 KRUG
1191 3109 1375 3179 Logic.
1416 3128 1465 3174 p.
1510 3113 1592 3159 11.
1638 3106 1762 3158 edit.
1800 3103 1895 3158 IV.
1972 3103 2164 3156 Cicero

452 3289 498 3346 *)
534 3293 722 3334 Pertinet
757 3295 835 3333 huc
877 3307 916 3333 v.
964 3306 1001 3332 c.
1047 3292 1296 3344 schellingii
1341 3291 1697 3344 „contemplatio‚
1747 3301 1863 3342 quam
1912 3288 1993 3334 ait,
2041 3286 2165 3326 intel-

338 3365 575 3405 lectualis“
611 3372 653 3406 et
683 3366 811 3406 multa
842 3365 1183 3419 philosophorum
1216 3369 1428 3418 portenta,
1475 3374 1580 3415 quae
1622 3361 1860 3402 recentiore
1904 3365 2088 3412 tempore
2122 3357 2162 3397 in

340 3435 474 3475 lucem
510 3443 605 3477 sunt
635 3435 839 3491 projecta.

427 3514 494 3571 **)
527 3519 583 3560 cf.
618 3520 736 3561 Plato
770 3523 818 3561 de
853 3522 939 3571 leg.
965 3521 1022 3562 X.
1055 3546 1111 3551 --
1146 3519 1317 3561 Aristot.
1356 3519 1404 3558 de
1438 3519 1558 3559 coelo
1595 3521 1630 3566 1,
1667 3519 1708 3558 3.
1745 3514 1939 3569 (πάντες
1969 3511 2165 3569 ἄνθρω-
